2700 4928
291 284 1041 416 surruuslrmnr.conv1v.p.·1n.n*c.
1120 346 1180 413 nr

156 568 159 573 ¹
188 495 276 576 -148.
289 495 333 571 A.
365 499 403 566 ‘O
425 499 452 562 tt
475 499 616 584 Αἰγίπίιος
640 503 781 586 σκελετὸς]
813 499 973 565 Lucianus
1001 500 1052 564 De
1068 498 1182 572 *Lutto

154 598 198 664 Τ.
212 600 258 663 II.
280 622 313 686 p.
326 620 409 686 932:
432 604 570 688 ταριχεύει
591 605 617 666 lt
638 604 818 688 ὄΑίγῦπίιος·
842 604 917 677 οὗτος
937 603 1039 684 μέντοι,
1059 601 1137 686 λε’γοο
1152 603 1182 664 δί

154 697 230 778 tlh,
252 703 372 789 ξηράνας
398 705 443 766 τὸν
466 707 568 789 νεκρὸν,
589 705 736 768 σύνδειπνον
759 704 805 785 ml
826 703 965 787 συμπότην
985 704 1182 780 ίποιὴσατοη

155 800 258 869 Silius
279 803 410 868 Italicus
424 805 518 869 XIII.
532 820 607 889 475.
646 805 738 870 Plurn
753 806 793 870 de
811 829 900 871 more
913 818 1046 870 annotat
1057 803 1183 871 Welse·

155 900 280 990 lingiue
293 903 335 969 nd
349 904 483 975 Diodor.
499 906 564 971 Sic.
580 908 607 969 1.
622 927 675 992 91.
690 908 729 971 T.
743 908 768 969 l.
785 929 819 993 p.
833 927 904 985 102,
922 926 994 991 103.

202 1007 328 1085 148.B.
340 1007 516 1089 Ἀλήλιμμας
530 1013 600 1093 γὰρ,
615 1007 709 1092 εἶπεν]
727 1009 818 1073 Harl.
831 1030 860 1072 1.
875 1028 904 1073 ο.
920 1010 1028 1073 Αιιοιι.
1038 1010 1076 1072 Τ.
1085 1009 1127 1072 V.
1138 1007 1183 1070 Bt

155 1106 343 1189 εἰληλιμμάιοι
361 1108 420 1194 γάρ
434 1105 510 1190 ἦμεν·
535 1109 567 1172 in
585 1108 634 1172 his
655 1111 697 1172 V.
712 1110 807 1174 etiam
821 1110 949 1174 exhibet
962 1110 1097 1183 formam
1112 1114 1183 1185 ἄλη-

158 1207 300 1287 λαμμίνοι
322 1208 483 1273 rariorem.
520 1212 606 1295 Ergo
628 1208 727 1273 altero
749 1223 875 1289 tantum
897 1211 1070 1276 utebantur
1090 1208 1185 1295 hujus

160 1307 296 1371 convivii
312 1308 500 1393 participem
524 1309 610 1373 unde
623 1332 698 1374 mox
711 1310 828 1375 dicitur
841 1313 886 1374 τὸν
903 1310 1086 1392 ἀλειψάμενοι
1100 1309 1185 1388 lno-

161 1407 291 1488 σάμιοι.
328 1411 411 1473 Item
428 1408 461 1473 in
479 1410 703 1495 Xenophontis
722 1412 887 1497 Symposio
906 1413 933 1474 I.
948 1428 986 1494 7:
1010 1417 1033 1474 ol
1046 1413 1095 1492 μὲν
1108 1432 1187 1495 γομ-

162 1509 310 1590 νασάμενοι
325 1508 372 1585 καὶ
382 1509 560 1594 χοισάμενοι,
575 1517 599 1573 oi
611 1510 699 1589 δὲκαὶ
712 1512 862 1594 λυσάμενοι
884 1517 1041 1596 παρῆλθον.
1073 1514 1187 1579 socra-

162 1621 212 1674 ten
235 1610 278 1674 ad
299 1609 481 1696 Agathonis
505 1612 683 1676 convivium
704 1612 770 1677 ibat
790 1613 951 1694 λελυμένος,
972 1625 1010 1677 ut
1033 1613 1077 1676 est
1102 1611 1188 1698 apud

163 1710 330 1776 Platonem
353 1735 385 1797 p.
401 1728 476 1796 317.
491 1715 526 1777 F.
567 1712 677 1799 Vulgo
698 1714 795 1777 etiam
816 1713 992 1799 antiquitus
1014 1712 1191 1776 adhibebo«

166 1822 220 1875 tur
234 1823 409 1895 utrumque
418 1825 497 1874 unte
517 1833 659 1885 coenam:
684 1810 776 1874 Iliad.
796 1813 835 1875 K.
849 1827 934 1894 577:
958 1810 1005 1874 Τώ
1024 1811 1050 1873 δὲ
1065 1824 1189 1874 λοεσσα-

163 1907 248 1989 μίνω,
262 1907 309 1984 καί
322 1908 499 1990 άλειψαμίνοι
513 1910 570 1972 λίπ’
586 1909 685 1995 ἐλαίῳ,
698 1909 805 1994 Δείπνῳ
820 1910 982 1991 ἐφιζανέτην.
1018 1909 1128 1995 Odle.
1149 1912 1189 1975 Z.

165 2010 226 2092 962
260 2014 299 2073 At
321 2010 348 2071 li
369 2009 564 2092 λοεσσαμένας,
587 2011 633 2073 καί
655 2009 848 2097 4χμισσαμάναμ
874 2010 931 2074 λίπ’
960 2009 1056 2095 ἐλαίῳ,
1078 2015 1191 2076 Δεῖπνον

167 2108 250 2174 ἔπειθ’
268 2111 424 2173 είλοπο-.
455 2110 559 2196 Igitur
579 2125 614 2175 et
632 2113 727 2176 verba
749 2111 830 2195 saepe
845 2109 1044 2197 junguntur:
1068 2111 1190 2176 Aristo·

166 2210 281 2294 phanis
300 2211 364 2274 tale
383 2212 425 2274 est
443 2212 532 2276 Nub.
548 2213 622 2296 834.
660 2210 821 2275 Plutarchi
841 2212 954 2298 Symp.
967 2212 1044 2275 VII.
1068 2231 1100 2296 p.
1115 2228 1190 2295 707.

168 2309 209 2373 E.
235 2310 350 2375 Anim.
366 2313 482 2397 Tranq.
497 2328 571 2395 472.
590 2314 625 2374 E.
652 2311 740 2377 Dion
756 2310 870 2399 Chrys.
885 2312 941 2376 Or.
949 2294 1030 2385 2'L11.
1050 2312 1125 2395 548.
1140 2297 1190 2375 Bt

167 2411 351 2493 ἀλειψάμενος
369 2409 415 2491 καὶ
435 2411 588 2493 λυσάμενος
603 2413 650 2474 καί
663 2412 758 2496 μικρὸν
771 2411 918 2496 ἐμφαγοίντ
942 2411 997 2475 ubi
1012 2411 1129 2477 inversa
1142 2413 1190 2477 se·

169 2511 213 2583 rie
235 2524 411 2596 ponuntur,
433 2510 564 2575 dubium
584 2532 656 2574 vere
676 2533 724 2575 an-
737 2533 843 2577 errore
861 2511 1000 2589 librarii3
1023 2513 1192 2598 liquidem

170 2612 267 2700 vulgo
280 2612 368 2699 prius
386 2611 535 2676 balneum
551 2633 646 2697 quam
665 2608 773 2676 undtio
793 2612 992 2705 adhibitum:
1019 2612 1099 2676 sorte
1113 2612 1193 2678 ordo

171 2714 284 2779 habuit
297 2714 527 2799 exceptionem.
563 2713 691 2777 Morem
710 2734 775 2776 non
792 2712 893 2776 omisit
914 2711 1066 2777 Stuckius
1079 2712 1191 2798 Antiq.

173 2815 304 2879 Conriv.
325 2816 370 2878 II.
387 2832 438 2899 25.

214 2920 287 2999 148.
305 2918 344 2980 C.
375 2922 409 2991 είς
430 2919 475 2980 τὸν
496 2919 628 3001 ἀνδρῶνα]
654 2917 706 2979 Est
727 2915 789 2978 hoc
809 2913 958 2978 conclave
971 2913 1119 2977 conviviis
1133 2914 1192 2980 ha-

172 3020 283 3097 bendis
297 3019 503 3084 destinatum:
532 3018 641 3084 Pollur
656 3018 716 3080 VI.
731 3035 768 3099 7:
792 3019 824 3078 τὸ
837 3017 887 3097 μὲν
900 3018 1068 3096 συμποτικὸν
1079 3016 1194 3103 χορίον,

173 3121 334 3203 συμπόσιον,
350 3119 396 3198 καὶ
410 3122 540 3205 ἀνδρῶνα,
558 3117 604 3197 καὶ
623 3119 774 3183 συσσίτιον·
801 3117 878 3180 item
898 3118 925 3179 I.
942 3131 994 3202 79.
1032 3116 1196 3180 Vitruvius

176 3224 233 3288 Vl.
255 3242 323 3286 10:-
351 3221 452 3286 Graeci
473 3222 548 3284 enim
569 3223 700 3306 ἀνδρῶνας
722 3216 874 3305 appellant
891 3240 974 3293 orcos,
991 3216 1041 3279 ubi
1058 3218 1197 3281 tnnvt'via

175 3326 279 3390 virilia
292 3324 386 3411 solent
399 3327 450 3410 effi
458 3348 468 3402 ;
491 3323 569 3410 quod
580 3346 611 3386 eo
626 3322 758 3384 mulieres
775 3344 831 3383 νιοιι
845 3318 994 3382 accedant.
1022 3320 1095 3382 Hoc
1109 3318 1198 3383 seusu

177 3426 288 3492 diserte
307 3426 437 3511 ponitur
457 3448 477 3490 a
498 3422 713 3509 Xenophonte
731 3423 877 3509 Sympos.
894 3423 921 3485 I.
936 3441 969 3502 4.
994 3420 1036 3485 de
1055 3420 1197 3486 convivio

179 3527 308 3593 Calliae:
334 3526 503 3592 Plutarcho
525 3526 593 3589 Vit.
617 3547 650 3611 p.
668 3544 739 3611 193.
754 3527 798 3589 D.
820 3527 894 3607 518.
907 3525 950 3588 Ι).
972 3525 1047 3607 564.
1061 3525 1100 3587 Ε.
1122 3525 1196 3607 694.
1332 3547 1336 3556 ·

180 3630 218 3694 C.
233 3647 307 3715 7ο3.
322 3630 362 3692 C.
385 3645 457 3713 731.
472 3630 512 3693 C.
537 3629 630 3710 1067.
646 3630 681 3691 F.
712 3627 797 3711 Opp.
812 3627 900 3690 Mor.
914 3644 989 3709 303.
1004 3626 1042 3687 Ε.
1066 3640 1139 3706 775.
1151 3625 1196 3687 D.

178 3733 306 3797 AEliano
328 3734 404 3795 Var.
425 3731 507 3796 Hist.
522 3730 616 3794 VIII.
635 3744 676 3811 7:
700 3727 756 3792 ubi
776 3727 817 3792 de
838 3727 900 3791 hac
920 3727 1050 3791 notione
1072 3724 1199 3788 monuit

179 3833 370 3910 Perizonius.
620 3847 623 3853 ’

222 3936 293 4016 148.
311 3936 352 3999 C.
375 3931 590 4017 Κλεοὸουλῆνην]
612 3932 665 3997 De
679 3930 810 3997 muliere
824 3928 960 3995 diximus
975 3950 1008 4013 p.
1023 3942 1094 4010 145.
1125 3927 1198 3990 Νο-

178 4035 224 4100 lui
242 4059 319 4100 cum
338 4035 505 4123 Xylandro
519 4024 593 4100 dne
608 4033 805 4112 Κλεοὸυλίνην,
822 4054 862 4097 ne
880 4052 965 4101 nunc
979 4027 1107 4115 quidem
1122 4049 1199 4113 pro-

177 4138 268 4215 bant,
283 4137 358 4201 licet
372 4137 405 4200 in
421 4149 557 4223 utroque
572 4135 664 4201 Harl.
680 4137 823 4201 teratur:
841 4133 943 4198 Vetus
958 4129 1053 4195 leuto
1065 4129 1200 4194 sormam

176 4237 372 4303 Diminutivi
394 4259 457 4325 prae
480 4239 512 4304 se
540 4238 620 4303 forre
648 4235 799 4314 videatur,
825 4230 976 4318 siquidem
1003 4244 1202 4317 comparetur
