2700 4928
318 354 1003 443 SEmMSAPIENT.00Nv1V.p.1aa.B.
1111 373 1169 440 91³

143 523 363 611 Scriptoribus
384 529 562 614 promiscue
584 530 783 616 usurpantur.
824 528 966 594 Omnino
986 527 1082 614 yplpn
1104 548 1170 591 non

142 623 226 688 item
239 616 381 708 honesta,
396 643 435 694 ut
449 630 635 709 Clearchus,
650 629 875 717 significatione
889 627 968 692 dicit
984 626 1171 692 Plutarchus

140 724 361 794 indostiomm
379 731 486 796 studiis
501 754 575 796 eum
591 731 791 818 relinquens:
815 755 844 796 v.
860 754 889 795 c.
922 731 1067 817 Sympos.
1077 730 1120 794 V.
1136 752 1171 816 p.

142 828 222 911 67-3.
239 830 296 893 At
318 837 344 893 ol
356 835 475 918 φορτικοὶ
491 830 711 917 aal‘ltptha'hayot
725 839 798 916 μετὰ
811 836 843 896 τὸ
864 836 962 898 δεῖπνον
979 832 1134 918 αἰνίγματα
1147 834 1169 919 a}

142 929 249 1016 γςῖφες
263 934 285 1019 ᾖ
299 932 388 1007 θέσις
403 936 539 1016 ὀνομάτων
558 940 587 998 ἐν
607 940 732 1020 ἀριθμοῖς
751 937 781 1021 ᾗ,
795 933 926 1017 eripiam
942 933 1169 1022 apostasiam

141 1044 179 1097 et
194 1032 267 1119 jam
288 1035 378 1101 Plato
398 1036 462 1100 hoc
484 1037 643 1102 ludicrum
659 1061 678 1103 a
694 1060 837 1103 verorum
855 1037 1082 1104 consuetudine
1095 1036 1171 1124 phi·

143 1130 354 1219 losophorum
369 1135 559 1221 repudiavit,
575 1141 654 1224 Bep.
671 1140 713 1202 V.
733 1160 767 1226 p.
782 1141 857 1222 468.
872 1142 918 1202 E:
946 1161 1042 1225 quem
1063 1138 1172 1203 locum

144 1237 327 1304 Athenaeus
350 1240 373 1304 I.
389 1241 412 1304 I.
434 1260 509 1326 452.
525 1242 581 1307 (ἴτ’
607 1244 654 1306 nal
676 1243 801 1307 Πλάτων
815 1248 840 1306 ἐν
853 1242 960 1328 aipalp
976 1242 1062 1325 ripam
1087 1241 1172 1328 (Iege

143 1338 304 1417 midas)-
312 1342 476 1422 μνημονεύει,
493 1330 563 1417 τούξ
576 1351 631 1406 τῶν
649 1345 810 1429 τηρυδρῖων
824 1344 972 1424 φιλοσόφες
990 1347 1046 1417 τοῖς
1065 1346 1091 1405 la
1110 1346 1172 1417 ταῖς

145 1438 298 1521 isthmi,
318 1442 376 1523 ἔφη,
398 1445 641 1527 ἑπαμφοτερῖζεσιν
658 1444 780 1522 kainiani,
791 1444 846 1523 aaa)
862 1452 902 1529 τῷ
920 1454 972 1508 τῶν
985 1445 1086 1508 παίδων
1100 1433 1170 1507 atvs·

146 1564 241 1625 γματι
250 1549 292 1627 τῷ
304 1547 364 1631 aspi
377 1550 414 1607 τὲ
428 1546 544 1631 adudxit
558 1530 607 1624 ἧς
619 1548 787 1632 βολῆζπεςῖ
800 1552 847 1622 τῆς
861 1545 1018 1629 νυκτερίδος,
1032 1543 1053 1630 ᾧ
1067 1545 1112 1622 καὶ
1124 1548 1170 1629 sap’

146 1640 177 1703 el
198 1644 282 1705 αὒτὸν
295 1648 383 1722 ἀὐτὴν
400 1645 552 1724 alvhlovrap
570 1649 676 1723 pansa.
713 1645 820 1731 Hujus
842 1645 1018 1730 aenigmatis
1040 1644 1171 1709 solutio·

148 1762 222 1807 nem
238 1744 338 1811 modo
360 1762 452 1811 antea
468 1770 507 1811 ex
525 1748 638 1813 eodem
655 1749 810 1813 Clearcho
824 1748 968 1833 exposuit
982 1747 1171 1825 Athenaeus,

147 1844 234 1909 unde
248 1846 304 1910 sua
318 1847 421 1912 sumfit
435 1848 621 1912 scholiastes
639 1848 775 1913 Platonis
790 1871 823 1934 p.
841 1851 912 1931 167.
944 1848 1033 1912 Plato
1047 1848 1107 1920 τοὺς
1119 1856 1173 1911 τῶν

149 1944 313 2031 πχπδρῖων
324 1948 545 2028 μαθηματικοὺς,
566 1959 599 2010 et
615 1948 676 2020 τοὺς
695 1948 837 2024 ἀληθινοὺς
849 1945 997 2022 φιλοσόφες
1012 1945 1173 2030 distinguit

151 2038 174 2105 l.
187 2042 210 2106 l.
232 2065 268 2130 p.
283 2047 360 2128 467.
375 2047 419 2109 A.
456 2047 598 2111 Verbum
623 2047 839 2132 ἐπαμφοτερίζειν
863 2047 895 2110 in
919 2044 1040 2111 Glosl'as
1064 2044 1173 2111 retulit

152 2138 423 2231 fimena-ibique
437 2148 580 2232 exposuit
594 2146 817 2211 Ruhnkenius.

173 2242 288 2309 ttius
308 2258 343 2308 et
363 2246 456 2309 effata
478 2247 607 2332 Septem
628 2247 826 2332 Sapientum,
845 2268 909 2311 non
925 2245 979 2310 illa
989 2246 1172 2332 problema*

157 2352 219 2407 tum
233 2344 340 2409 sorma
357 2359 391 2409 et
404 2346 620 2432 superlationis
639 2347 751 2432 gradu,
770 2346 823 2411 sed
844 2342 1030 2411 brevissimis¹
1044 2347 1174 2412 monitis

159 2444 306 2525 absoluta,
328 2469 401 2511 cum
417 2448 574 2535 sigillatim
592 2471 612 2512 a
627 2448 797 2512 Veteribus
811 2461 1028 2512 memorantur
1039 2461 1073 2511 et
1087 2448 1172 2533 spar-

160 2543 217 2626 Im,
229 2561 300 2611 tum
317 2548 450 2612 colleeta
463 2550 580 2612 exstant
594 2549 626 2612 in
640 2549 798 2633 Diogenis
818 2549 937 2613 Laertii
957 2548 1040 2612 libro
1057 2549 1172 2633 primo,

161 2645 280 2712 stobaeo
301 2650 365 2713 Tit.
382 2650 444 2712 III.
466 2668 505 2711 ex
526 2648 692 2712 Demetrio
713 2648 863 2712 Phalereo
882 2660 916 2712 et
930 2647 1065 2724 Sofiade,
1081 2648 1172 2711 deni·

161 2748 260 2832 quein
275 2749 410 2813 Ausonii
430 2748 522 2813 Ludo
538 2750 615 2813 VII.
632 2749 830 2834 Sapientum.
868 2748 1001 2812 Patriam
1020 2746 1173 2834 cujusque

163 2849 275 2913 natavit
290 2850 461 2936 Antipater
482 2848 514 2913 in
536 2848 737 2935 Anthologia
750 2849 1026 2936 Epigrammatum
1042 2848 1103 2911 111.
1118 2867 1172 2933 33.

165 2949 206 3012 16.

192 3050 315 3114 ‘an'ra
338 3052 485 3119 ΣΟΦΩΝ
506 3053 786 3137 ztntnozloN]
813 3053 894 3115 Haec
908 3049 1069 3137 inscriptio
1083 3051 1173 3116 estin

163 3151 300 3217 carnibus
320 3153 429 3217 nostris
451 3154 538 3218 libris
557 3168 591 3218 et
609 3154 703 3218 editis
726 3168 759 3218 et
780 3152 913 3239 scriptis,
933 3154 1048 3238 quibus
1069 3155 1174 3239 postea

164 3254 343 3318 accesserunt
369 3255 434 3319 duo
462 3256 636 3319 Harleiani.
673 3255 785 3319 *Exstat
812 3254 880 3340 ejus
905 3254 968 3319 hoc
996 3277 1111 3319 nomen
1140 3256 1173 3319 in

164 3351 310 3442 hnpn'ae
326 3357 485 3445 Catalogo
499 3360 600 3422 Num.
617 3358 740 3422 CVIII.
757 3370 790 3422 et
802 3358 937 3421 Thomae
951 3356 1093 3444 Magistri
1108 3359 1173 3421 Ec·

165 3448 234 3541 logia
254 3459 338 3522 Voc.
358 3458 459 3521 Attio.
481 3459 592 3537 Ζῶνιον,
614 3459 800 3544 Πλούταρχος
823 3461 849 3519 ἐν
870 3457 1014 3542 συμποσίῳ
1038 3465 1092 3521 τῶν
1113 3461 1175 3521 §rial

163 3565 251 3638 τιφῶν,
272 3558 329 3623 ubi
354 3559 494 3623 citantur
515 3561 608 3624 verba
629 3581 667 3624 ex
689 3581 722 3645 p.
740 3579 811 3644 154.
828 3559 866 3622 B.
911 3558 986 3622 Sine
1014 3558 1174 3622 Plutarchi

162 3658 281 3722 nomine
302 3659 391 3723 locos
414 3660 489 3723 hinc
507 3661 604 3724 refert
625 3662 771 3724 Stobaeus
789 3658 854 3723 lit.
869 3660 958 3721 XLI.
975 3680 1008 3744 p.
1025 3661 1097 3724 268.
1120 3667 1174 3721 τῶν
1308 3672 1310 3677 ’

159 3758 214 3820 hid
225 3767 314 3842 σοφῶν
328 3761 388 3847 aspi
402 3760 548 3834 namisias:
573 3760 651 3824 item
666 3761 784 3825 XLVI.
807 3781 840 3845 p.
855 3760 929 3843 328.
950 3759 1063 3845 Septem
1081 3758 1172 3845 Sapi-

156 3870 245 3924 entem
265 3884 301 3924 cx
323 3861 464 3947 Sympasta
480 3860 651 3925 Plutarchi:
678 3861 731 3925 sed
752 3861 822 3924 haec
845 3861 918 3923 sunt
939 3859 1068 3924 Gesneri
1090 3859 1172 3921 lem·

154 3972 247 4039 mata,
260 3982 398 4046 quorum
413 3961 499 4046 priua
515 3961 627 4025 diserte
640 3960 749 4025 addito
765 3960 924 4025 Plutarchi
939 3959 1066 4023 nomine
1080 3959 1173 4022 Lati·

152 4078 190 4125 ne
206 4060 359 4140 reddidit,
381 4062 495 4149 Septem
514 4056 685 4148 Sapientiam
705 4062 950 4150 apophthegmata
968 4060 1004 4121 da
1025 4058 1174 4144 republica

148 4184 183 4225 aa
203 4162 340 4247 concivio
363 4161 541 4226 Plutarchi.-
575 4163 609 4226 in
633 4162 819 4228 Trincavelli
841 4159 980 4225 editione
1003 4160 1045 4222 esi
1070 4161 1174 4253 priore
1298 4213 1303 4226 ,

146 4262 221 4331 beo
239 4262 334 4335 'idem
352 4264 531 4351 simpliciter
552 4274 604 4331 τῶν
622 4268 790 4348 intactam
806 4264 873 4347 arapl
891 4261 1048 4341 πολιτείας,
1071 4262 1172 4351 poste·

188 4384 212 4430 v
218 4383 281 4428 οι..
298 4383 351 4427 vt.
641 4385 661 4449 3
677 4385 698 4427 u
