<?xml version="1.0" encoding="UTF-8"?>
<!DOCTYPE html PUBLIC "-//W3C//DTD XHTML 1.0 Transitional//EN"
    "http://www.w3.org/TR/xhtml1/DTD/xhtml1-transitional.dtd">
<html xmlns="http://www.w3.org/1999/xhtml" xml:lang="en" lang="en">
 <head>
  <title>
</title>
<meta http-equiv="Content-Type" content="text/html;charset=utf-8" />
  <meta name='ocr-system' content='tesseract 3.04.00' />
  <meta name='ocr-capabilities' content='ocr_page ocr_carea ocr_par ocr_line ocrx_word'/>
</head>
<body>
  <div class='ocr_page' id='page_1' title='image "./plutarchichaero28plutgoog_0316.png"; bbox 0 0 2700 4928; ppageno 0'>
   <div class='ocr_carea' id='block_1_1' title="bbox 322 328 1177 441">
    <p class='ocr_par' dir='ltr' id='par_1_1' title="bbox 322 328 1177 441">
     <span class='ocr_line' id='line_1_1' title="bbox 322 328 1177 441; baseline 0.012 -24"><span class='ocrx_word' id='word_1_1' title='bbox 322 358 475 419; x_wconf 78' lang='lat' dir='ltr'><strong>seman</strong></span> <span class='ocrx_word' id='word_1_2' title='bbox 490 328 848 424; x_wconf 69' lang='lat' dir='ltr'><strong>sanarunoonvm</strong></span> <span class='ocrx_word' id='word_1_3' title='bbox 863 365 1009 441; x_wconf 59' lang='lat' dir='ltr'><strong>anas.</strong></span> <span class='ocrx_word' id='word_1_4' title='bbox 1115 374 1177 441; x_wconf 80' lang='lat'><strong>9⁰9</strong></span> 
     </span>
    </p>
   </div>
   <div class='ocr_carea' id='block_1_2' title="bbox 138 514 1214 4333">
    <p class='ocr_par' dir='ltr' id='par_1_2' title="bbox 138 514 1214 4333">
     <span class='ocr_line' id='line_1_2' title="bbox 146 514 1214 613; baseline 0.01 -31"><span class='ocrx_word' id='word_1_5' title='bbox 146 514 691 605; x_wconf 75' lang='lat' dir='ltr'><strong>scriptis‚nifiautren1mnaturae,</strong></span> <span class='ocrx_word' id='word_1_6' title='bbox 706 538 764 590; x_wconf 89' lang='lat' dir='ltr'><strong>aut</strong></span> <span class='ocrx_word' id='word_1_7' title='bbox 776 524 920 591; x_wconf 91' lang='lat' dir='ltr'><strong>locorum</strong></span> <span class='ocrx_word' id='word_1_8' title='bbox 935 538 1179 613; x_wconf 80' lang='lat' dir='ltr'><strong>temporumque</strong></span> <span class='ocrx_word' id='word_1_9' title='bbox 1210 574 1214 579; x_wconf 89' lang='lat'><em>-</em></span> 
     </span>
     <span class='ocr_line' id='line_1_3' title="bbox 145 620 1179 714; baseline 0.007 -28"><span class='ocrx_word' id='word_1_10' title='bbox 145 620 282 700; x_wconf 85' lang='lat' dir='ltr'><strong>rationi,</strong></span> <span class='ocrx_word' id='word_1_11' title='bbox 294 634 354 687; x_wconf 85' lang='lat' dir='ltr'><strong>aut</strong></span> <span class='ocrx_word' id='word_1_12' title='bbox 368 622 512 708; x_wconf 89' lang='lat' dir='ltr'><strong>pluribus</strong></span> <span class='ocrx_word' id='word_1_13' title='bbox 525 624 709 712; x_wconf 81' lang='lat' dir='ltr'>disertisque</span> <span class='ocrx_word' id='word_1_14' title='bbox 722 627 900 714; x_wconf 81' lang='lat' dir='ltr'><strong>graviorum</strong></span> <span class='ocrx_word' id='word_1_15' title='bbox 914 627 1114 713; x_wconf 81' lang='lat' dir='ltr'><strong>Scriptorum</strong></span> <span class='ocrx_word' id='word_1_16' title='bbox 1127 641 1179 693; x_wconf 84' lang='lat' dir='ltr'><strong>te·</strong></span> 
     </span>
     <span class='ocr_line' id='line_1_4' title="bbox 147 718 1179 810; baseline 0.008 -26"><span class='ocrx_word' id='word_1_17' title='bbox 147 718 307 786; x_wconf 69' lang='lat' dir='ltr'><strong>dianoniia</strong></span> <span class='ocrx_word' id='word_1_18' title='bbox 321 735 492 810; x_wconf 75' lang='lat' dir='ltr'><strong>repugnet,</strong></span> <span class='ocrx_word' id='word_1_19' title='bbox 507 724 749 810; x_wconf 74' lang='lat' dir='ltr'><strong>probabilitatis,</strong></span> <span class='ocrx_word' id='word_1_20' title='bbox 769 725 803 790; x_wconf 93' lang='lat' dir='ltr'><strong>id</strong></span> <span class='ocrx_word' id='word_1_21' title='bbox 820 727 875 804; x_wconf 87' lang='lat' dir='ltr'><strong>est,</strong></span> <span class='ocrx_word' id='word_1_22' title='bbox 895 726 1049 791; x_wconf 70' lang='lat' dir='ltr'><strong>historice</strong></span> <span class='ocrx_word' id='word_1_23' title='bbox 1064 727 1179 792; x_wconf 79' lang='lat' dir='ltr'><strong>verita-</strong></span> 
     </span>
     <span class='ocr_line' id='line_1_5' title="bbox 148 822 1181 915; baseline 0.006 -28"><span class='ocrx_word' id='word_1_24' title='bbox 148 822 206 904; x_wconf 83' lang='lat' dir='ltr'><strong>tis,</strong></span> <span class='ocrx_word' id='word_1_25' title='bbox 221 822 324 888; x_wconf 89' lang='lat' dir='ltr'><strong>hahet</strong></span> <span class='ocrx_word' id='word_1_26' title='bbox 335 824 573 890; x_wconf 70' lang='lat' dir='ltr'><strong>auctoritatem:</strong></span> <span class='ocrx_word' id='word_1_27' title='bbox 590 848 654 912; x_wconf 91' lang='lat' dir='ltr'><strong>qua</strong></span> <span class='ocrx_word' id='word_1_28' title='bbox 667 827 724 913; x_wconf 91' lang='lat' dir='ltr'><strong>qui</strong></span> <span class='ocrx_word' id='word_1_29' title='bbox 737 848 802 891; x_wconf 92' lang='lat' dir='ltr'><strong>non</strong></span> <span class='ocrx_word' id='word_1_30' title='bbox 814 828 958 893; x_wconf 84' lang='lat' dir='ltr'><strong>contenti</strong></span> <span class='ocrx_word' id='word_1_31' title='bbox 971 828 1089 893; x_wconf 87' lang='lat' dir='ltr'><strong>certius</strong></span> <span class='ocrx_word' id='word_1_32' title='bbox 1103 828 1181 915; x_wconf 93' lang='lat' dir='ltr'><strong>quid</strong></span> 
     </span>
     <span class='ocr_line' id='line_1_6' title="bbox 150 926 1180 1015; baseline 0.008 -28"><span class='ocrx_word' id='word_1_33' title='bbox 150 941 318 1012; x_wconf 71' lang='lat' dir='ltr'><strong>querunt,</strong></span> <span class='ocrx_word' id='word_1_34' title='bbox 338 947 389 989; x_wconf 78' lang='lat' dir='ltr'><strong>reo</strong></span> <span class='ocrx_word' id='word_1_35' title='bbox 405 927 445 991; x_wconf 86' lang='lat' dir='ltr'><strong>ab</strong></span> <span class='ocrx_word' id='word_1_36' title='bbox 460 926 515 989; x_wconf 91' lang='lat' dir='ltr'><strong>illa</strong></span> <span class='ocrx_word' id='word_1_37' title='bbox 528 926 660 991; x_wconf 86' lang='lat' dir='ltr'><strong>traditas</strong></span> <span class='ocrx_word' id='word_1_38' title='bbox 677 928 720 991; x_wconf 89' lang='lat' dir='ltr'><strong>ad</strong></span> <span class='ocrx_word' id='word_1_39' title='bbox 740 929 810 993; x_wconf 87' lang='lat' dir='ltr'><strong>suas</strong></span> <span class='ocrx_word' id='word_1_40' title='bbox 825 928 879 1015; x_wconf 85' lang='lat' dir='ltr'><strong>ipfi</strong></span> <span class='ocrx_word' id='word_1_41' title='bbox 894 928 1060 1014; x_wconf 83' lang='lat' dir='ltr'><strong>opiniones</strong></span> <span class='ocrx_word' id='word_1_42' title='bbox 1073 951 1093 993; x_wconf 86' lang='lat' dir='ltr'><strong>a</strong></span> <span class='ocrx_word' id='word_1_43' title='bbox 1106 930 1180 995; x_wconf 91' lang='lat' dir='ltr'><strong>sub·</strong></span> 
     </span>
     <span class='ocr_line' id='line_1_7' title="bbox 151 1024 1182 1116; baseline 0.006 -28"><span class='ocrx_word' id='word_1_44' title='bbox 151 1024 272 1090; x_wconf 82' lang='lat' dir='ltr'><strong>tilitate</strong></span> <span class='ocrx_word' id='word_1_45' title='bbox 289 1025 411 1112; x_wconf 85' lang='lat' dir='ltr'><strong>jejuna,</strong></span> <span class='ocrx_word' id='word_1_46' title='bbox 430 1048 491 1090; x_wconf 91' lang='lat' dir='ltr'><strong>nec</strong></span> <span class='ocrx_word' id='word_1_47' title='bbox 507 1026 574 1092; x_wconf 88' lang='lat' dir='ltr'><strong>ullo</strong></span> <span class='ocrx_word' id='word_1_48' title='bbox 588 1029 788 1114; x_wconf 77' lang='lat' dir='ltr'><strong>antiquitatis</strong></span> <span class='ocrx_word' id='word_1_49' title='bbox 802 1030 859 1094; x_wconf 92' lang='lat' dir='ltr'><strong>usu</strong></span> <span class='ocrx_word' id='word_1_50' title='bbox 873 1031 1010 1110; x_wconf 75' lang='lat' dir='ltr'><strong>subabta,</strong></span> <span class='ocrx_word' id='word_1_51' title='bbox 1025 1030 1182 1116; x_wconf 74' lang='lat' dir='ltr'><strong>profectas</strong></span> 
     </span>
     <span class='ocr_line' id='line_1_8' title="bbox 151 1128 1180 1219; baseline 0.001 -26"><span class='ocrx_word' id='word_1_52' title='bbox 151 1128 303 1214; x_wconf 79' lang='lat' dir='ltr'><strong>exigrmt,</strong></span> <span class='ocrx_word' id='word_1_53' title='bbox 318 1129 352 1194; x_wconf 89' lang='lat' dir='ltr'><strong>hi</strong></span> <span class='ocrx_word' id='word_1_54' title='bbox 366 1129 509 1214; x_wconf 74' lang='lat' dir='ltr'><strong>profecto</strong></span> <span class='ocrx_word' id='word_1_55' title='bbox 527 1129 571 1194; x_wconf 84' lang='lat' dir='ltr'><strong>ita</strong></span> <span class='ocrx_word' id='word_1_56' title='bbox 591 1129 624 1193; x_wconf 92' lang='lat' dir='ltr'><strong>in</strong></span> <span class='ocrx_word' id='word_1_57' title='bbox 639 1131 766 1195; x_wconf 86' lang='lat' dir='ltr'><strong>historia</strong></span> <span class='ocrx_word' id='word_1_58' title='bbox 780 1131 1053 1216; x_wconf 81' lang='lat' dir='ltr'><strong>philosophantur,</strong></span> <span class='ocrx_word' id='word_1_59' title='bbox 1068 1143 1105 1195; x_wconf 91' lang='lat' dir='ltr'><strong>ut</strong></span> <span class='ocrx_word' id='word_1_60' title='bbox 1120 1154 1180 1219; x_wconf 83' lang='lat' dir='ltr'><strong>ge-</strong></span> 
     </span>
     <span class='ocr_line' id='line_1_9' title="bbox 154 1230 1181 1318; baseline 0.002 -23"><span class='ocrx_word' id='word_1_61' title='bbox 154 1250 233 1295; x_wconf 84' lang='lat' dir='ltr'><strong>nera</strong></span> <span class='ocrx_word' id='word_1_62' title='bbox 247 1230 385 1295; x_wconf 84' lang='lat' dir='ltr'><strong>veritatis</strong></span> <span class='ocrx_word' id='word_1_63' title='bbox 398 1230 594 1317; x_wconf 74' lang='lat' dir='ltr'><strong>philosophie</strong></span> <span class='ocrx_word' id='word_1_64' title='bbox 608 1245 642 1295; x_wconf 89' lang='lat' dir='ltr'><strong>et</strong></span> <span class='ocrx_word' id='word_1_65' title='bbox 654 1231 809 1296; x_wconf 71' lang='lat' dir='ltr'><strong>historice</strong></span> <span class='ocrx_word' id='word_1_66' title='bbox 826 1232 1041 1297; x_wconf 79' lang='lat' dir='ltr'><strong>confundant:</strong></span> <span class='ocrx_word' id='word_1_67' title='bbox 1064 1246 1098 1296; x_wconf 89' lang='lat' dir='ltr'><strong>et</strong></span> <span class='ocrx_word' id='word_1_68' title='bbox 1110 1231 1181 1318; x_wconf 88' lang='lat' dir='ltr'><strong>pla·</strong></span> 
     </span>
     <span class='ocr_line' id='line_1_10' title="bbox 154 1329 1182 1417; baseline 0.003 -23"><span class='ocrx_word' id='word_1_69' title='bbox 154 1352 198 1395; x_wconf 90' lang='lat' dir='ltr'><strong>ne</strong></span> <span class='ocrx_word' id='word_1_70' title='bbox 211 1329 247 1394; x_wconf 85' lang='lat' dir='ltr'><strong>id</strong></span> <span class='ocrx_word' id='word_1_71' title='bbox 260 1344 374 1417; x_wconf 75' lang='lat' dir='ltr'><strong>agunt,</strong></span> <span class='ocrx_word' id='word_1_72' title='bbox 386 1330 475 1417; x_wconf 91' lang='lat' dir='ltr'><strong>quod</strong></span> <span class='ocrx_word' id='word_1_73' title='bbox 493 1334 638 1396; x_wconf 87' lang='lat' dir='ltr'><strong>Socrates</strong></span> <span class='ocrx_word' id='word_1_74' title='bbox 652 1331 736 1417; x_wconf 89' lang='lat' dir='ltr'><strong>apud</strong></span> <span class='ocrx_word' id='word_1_75' title='bbox 751 1331 914 1397; x_wconf 87' lang='lat' dir='ltr'><strong>Platonem</strong></span> <span class='ocrx_word' id='word_1_76' title='bbox 929 1332 1010 1397; x_wconf 84' lang='lat' dir='ltr'><strong>dixit</strong></span> <span class='ocrx_word' id='word_1_77' title='bbox 1022 1332 1062 1397; x_wconf 89' lang='lat' dir='ltr'><strong>de</strong></span> <span class='ocrx_word' id='word_1_78' title='bbox 1075 1332 1182 1397; x_wconf 92' lang='lat' dir='ltr'><strong>homi·</strong></span> 
     </span>
     <span class='ocr_line' id='line_1_11' title="bbox 154 1431 1182 1518; baseline 0.003 -23"><span class='ocrx_word' id='word_1_79' title='bbox 154 1431 253 1496; x_wconf 88' lang='lat' dir='ltr'><strong>nibus</strong></span> <span class='ocrx_word' id='word_1_80' title='bbox 275 1432 446 1518; x_wconf 68' lang='lat' dir='ltr'><strong>Sapientia</strong></span> <span class='ocrx_word' id='word_1_81' title='bbox 465 1432 601 1518; x_wconf 88' lang='lat' dir='ltr'><strong>speciem</strong></span> <span class='ocrx_word' id='word_1_82' title='bbox 622 1432 842 1497; x_wconf 73' lang='lat' dir='ltr'><strong>affedlantibus</strong></span> <span class='ocrx_word' id='word_1_83' title='bbox 855 1432 1074 1497; x_wconf 85' lang='lat' dir='ltr'><strong>confutatione</strong></span> <span class='ocrx_word' id='word_1_84' title='bbox 1089 1433 1182 1498; x_wconf 86' lang='lat' dir='ltr'><strong>labu-</strong></span> 
     </span>
     <span class='ocr_line' id='line_1_12' title="bbox 140 1530 1182 1612; baseline 0 -16"><span class='ocrx_word' id='word_1_85' title='bbox 140 1530 276 1612; x_wconf 79' lang='lat' dir='ltr'><strong>-lmrm,</strong></span> <span class='ocrx_word' id='word_1_86' title='bbox 288 1533 350 1598; x_wconf 82' lang='lat' dir='ltr'><strong>effe</strong></span> <span class='ocrx_word' id='word_1_87' title='bbox 364 1533 426 1597; x_wconf 87' lang='lat' dir='ltr'><strong>hoc</strong></span> <span class='ocrx_word' id='word_1_88' title='bbox 441 1533 577 1597; x_wconf 82' lang='lat' dir='ltr'><strong>studium</strong></span> <span class='ocrx_word' id='word_1_89' title='bbox 590 1533 655 1598; x_wconf 84' lang='grc' dir='ltr'><strong><em>λίαν</em></strong></span> <span class='ocrx_word' id='word_1_90' title='bbox 665 1536 747 1597; x_wconf 74' lang='grc' dir='ltr'><strong><em>δεινοῦ</em></strong></span> <span class='ocrx_word' id='word_1_91' title='bbox 760 1532 806 1603; x_wconf 72' lang='grc' dir='ltr'><strong>κα)</strong></span> <span class='ocrx_word' id='word_1_92' title='bbox 820 1534 941 1609; x_wconf 68' lang='lat' dir='ltr'><strong>landes,</strong></span> <span class='ocrx_word' id='word_1_93' title='bbox 953 1533 1039 1598; x_wconf 73' lang='grc' dir='ltr'><strong>καὶού</strong></span> <span class='ocrx_word' id='word_1_94' title='bbox 1052 1534 1122 1596; x_wconf 75' lang='grc' dir='ltr'><strong>κᾶνο</strong></span> <span class='ocrx_word' id='word_1_95' title='bbox 1135 1538 1182 1596; x_wconf 83' lang='grc' dir='ltr'><strong>οὖ-</strong></span> 
     </span>
     <span class='ocr_line' id='line_1_13' title="bbox 151 1631 1183 1719; baseline 0 -22"><span class='ocrx_word' id='word_1_96' title='bbox 151 1640 260 1718; x_wconf 76' lang='grc' dir='ltr'><strong>πχοῦς</strong></span> <span class='ocrx_word' id='word_1_97' title='bbox 273 1635 377 1718; x_wconf 72' lang='grc' dir='ltr'><strong>ἀνδρὸς,</strong></span> <span class='ocrx_word' id='word_1_98' title='bbox 391 1633 559 1719; x_wconf 79' lang='lat' dir='ltr'><strong>opiniones</strong></span> <span class='ocrx_word' id='word_1_99' title='bbox 575 1648 696 1698; x_wconf 85' lang='lat' dir='ltr'><strong>veteres</strong></span> <span class='ocrx_word' id='word_1_100' title='bbox 715 1634 762 1698; x_wconf 89' lang='lat' dir='ltr'><strong>ita</strong></span> <span class='ocrx_word' id='word_1_101' title='bbox 779 1633 925 1712; x_wconf 63' lang='lat' dir='ltr'><strong>tradere,</strong></span> <span class='ocrx_word' id='word_1_102' title='bbox 943 1633 985 1708; x_wconf 82' lang='grc' dir='ltr'><strong>αίς</strong></span> <span class='ocrx_word' id='word_1_103' title='bbox 998 1631 1062 1707; x_wconf 73' lang='grc' dir='ltr'><strong><em>οἶτος</em></strong></span> <span class='ocrx_word' id='word_1_104' title='bbox 1078 1638 1183 1706; x_wconf 72' lang='grc' dir='ltr'><strong><em>ἄνις-ὦν</em></strong></span> 
     </span>
     <span class='ocr_line' id='line_1_14' title="bbox 152 1732 1182 1821; baseline -0.001 -23"><span class='ocrx_word' id='word_1_105' title='bbox 152 1732 304 1821; x_wconf 57' lang='lat' dir='ltr'><strong>quadres:</strong></span> <span class='ocrx_word' id='word_1_106' title='bbox 317 1740 393 1799; x_wconf 72' lang='grc' dir='ltr'><strong>κατὰ</strong></span> <span class='ocrx_word' id='word_1_107' title='bbox 404 1737 436 1798; x_wconf 78' lang='lat' dir='ltr'><strong>rb</strong></span> <span class='ocrx_word' id='word_1_108' title='bbox 450 1737 519 1810; x_wconf 79' lang='lat' dir='ltr'><strong>siai5</strong></span> <span class='ocrx_word' id='word_1_109' title='bbox 531 1733 641 1814; x_wconf 78' lang='grc' dir='ltr'><strong><em>ίκαςον,</em></strong></span> <span class='ocrx_word' id='word_1_110' title='bbox 655 1734 704 1798; x_wconf 74' lang='grc' dir='ltr'><strong>ἅτε</strong></span> <span class='ocrx_word' id='word_1_111' title='bbox 718 1733 841 1821; x_wconf 74' lang='grc' dir='ltr'><strong><em>ἀγροίκῳ</em></strong></span> <span class='ocrx_word' id='word_1_112' title='bbox 854 1735 905 1797; x_wconf 72' lang='grc' dir='ltr'><strong>τινὶ</strong></span> <span class='ocrx_word' id='word_1_113' title='bbox 927 1733 1011 1820; x_wconf 74' lang='grc' dir='ltr'><strong><em>σοφίᾳ</em></strong></span> <span class='ocrx_word' id='word_1_114' title='bbox 1029 1734 1182 1821; x_wconf 71' lang='grc' dir='ltr'><strong><em>χρώμενος,</em></strong></span> 
     </span>
     <span class='ocr_line' id='line_1_15' title="bbox 154 1836 1183 1923; baseline -0.001 -24"><span class='ocrx_word' id='word_1_115' title='bbox 154 1841 271 1912; x_wconf 65' lang='grc' dir='ltr'><strong>ιολλῆς</strong></span> <span class='ocrx_word' id='word_1_116' title='bbox 284 1840 361 1922; x_wconf 72' lang='grc' dir='ltr'><strong>αὐτῷ</strong></span> <span class='ocrx_word' id='word_1_117' title='bbox 373 1842 461 1921; x_wconf 75' lang='grc' dir='ltr'><strong><em>χολῆς</em></strong></span> <span class='ocrx_word' id='word_1_118' title='bbox 474 1836 568 1913; x_wconf 73' lang='grc' dir='ltr'><strong><em>δεήσει·</em></strong></span> <span class='ocrx_word' id='word_1_119' title='bbox 592 1837 651 1918; x_wconf 73' lang='lat' dir='ltr'><strong>ipsi</strong></span> <span class='ocrx_word' id='word_1_120' title='bbox 671 1837 699 1899; x_wconf 76' lang='lat' dir='ltr'><strong>tl</strong></span> <span class='ocrx_word' id='word_1_121' title='bbox 715 1837 789 1923; x_wconf 67' lang='lat' dir='ltr'><strong>orgis</strong></span> <span class='ocrx_word' id='word_1_122' title='bbox 800 1842 893 1898; x_wconf 74' lang='grc' dir='ltr'>ταῦτα</span> <span class='ocrx_word' id='word_1_123' title='bbox 907 1837 1029 1917; x_wconf 74' lang='grc' dir='ltr'><strong><em>οὐδαμῶς</em></strong></span> <span class='ocrx_word' id='word_1_124' title='bbox 1042 1839 1082 1907; x_wconf 67' lang='lat' dir='ltr'><strong>lfa</strong></span> <span class='ocrx_word' id='word_1_125' title='bbox 1096 1836 1183 1919; x_wconf 75' lang='grc' dir='ltr'><strong><em>χολή.</em></strong></span> 
     </span>
     <span class='ocr_line' id='line_1_16' title="bbox 157 1933 1183 2021; baseline -0.001 -21"><span class='ocrx_word' id='word_1_126' title='bbox 157 1936 231 2001; x_wconf 82' lang='grc' dir='ltr'><strong>Νοο</strong></span> <span class='ocrx_word' id='word_1_127' title='bbox 251 1936 345 2001; x_wconf 86' lang='lat' dir='ltr'><strong>uobis</strong></span> <span class='ocrx_word' id='word_1_128' title='bbox 361 1937 465 2001; x_wconf 87' lang='lat' dir='ltr'><strong>otium</strong></span> <span class='ocrx_word' id='word_1_129' title='bbox 483 1937 526 2001; x_wconf 90' lang='lat' dir='ltr'><strong>est</strong></span> <span class='ocrx_word' id='word_1_130' title='bbox 544 1935 738 2001; x_wconf 86' lang='lat' dir='ltr'><strong>ratiunculas</strong></span> <span class='ocrx_word' id='word_1_131' title='bbox 758 1933 912 2013; x_wconf 82' lang='lat' dir='ltr'><strong>refellere,</strong></span> <span class='ocrx_word' id='word_1_132' title='bbox 932 1956 1065 2021; x_wconf 91' lang='lat' dir='ltr'><strong>quarum</strong></span> <span class='ocrx_word' id='word_1_133' title='bbox 1086 1934 1183 2000; x_wconf 83' lang='lat' dir='ltr'><strong>illius-</strong></span> 
     </span>
     <span class='ocr_line' id='line_1_17' title="bbox 161 2033 1184 2122; baseline -0.002 -21"><span class='ocrx_word' id='word_1_134' title='bbox 161 2036 249 2101; x_wconf 76' lang='lat' dir='ltr'><strong>modi</strong></span> <span class='ocrx_word' id='word_1_135' title='bbox 268 2038 348 2119; x_wconf 72' lang='grc' dir='ltr'><strong><em>σοφοὶ</em></strong></span> <span class='ocrx_word' id='word_1_136' title='bbox 373 2037 468 2102; x_wconf 90' lang='lat' dir='ltr'><strong>semel</strong></span> <span class='ocrx_word' id='word_1_137' title='bbox 490 2036 644 2102; x_wconf 86' lang='lat' dir='ltr'><strong>scribendi</strong></span> <span class='ocrx_word' id='word_1_138' title='bbox 666 2037 791 2122; x_wconf 90' lang='lat' dir='ltr'><strong>impetu</strong></span> <span class='ocrx_word' id='word_1_139' title='bbox 810 2033 908 2099; x_wconf 89' lang='lat' dir='ltr'><strong>ablati</strong></span> <span class='ocrx_word' id='word_1_140' title='bbox 931 2056 996 2099; x_wconf 87' lang='lat' dir='ltr'><strong>una</strong></span> <span class='ocrx_word' id='word_1_141' title='bbox 1016 2034 1094 2099; x_wconf 88' lang='lat' dir='ltr'><strong>hora</strong></span> <span class='ocrx_word' id='word_1_142' title='bbox 1113 2055 1184 2099; x_wconf 85' lang='lat' dir='ltr'><strong>ma-</strong></span> 
     </span>
     <span class='ocr_line' id='line_1_18' title="bbox 151 2133 1187 2224; baseline -0.002 -22"><span class='ocrx_word' id='word_1_143' title='bbox 151 2156 262 2223; x_wconf 74' lang='lat' dir='ltr'><strong>:guum</strong></span> <span class='ocrx_word' id='word_1_144' title='bbox 284 2159 455 2203; x_wconf 90' lang='lat' dir='ltr'><strong>numerum</strong></span> <span class='ocrx_word' id='word_1_145' title='bbox 473 2137 652 2216; x_wconf 89' lang='lat' dir='ltr'><strong>effundunt,</strong></span> <span class='ocrx_word' id='word_1_146' title='bbox 674 2134 769 2224; x_wconf 90' lang='lat' dir='ltr'><strong>periti</strong></span> <span class='ocrx_word' id='word_1_147' title='bbox 787 2133 975 2200; x_wconf 83' lang='lat' dir='ltr'><strong>inanitatem</strong></span> <span class='ocrx_word' id='word_1_148' title='bbox 989 2157 1055 2199; x_wconf 92' lang='lat' dir='ltr'><strong>uno</strong></span> <span class='ocrx_word' id='word_1_149' title='bbox 1068 2135 1187 2200; x_wconf 88' lang='lat' dir='ltr'><strong>obtutu</strong></span> 
     </span>
     <span class='ocr_line' id='line_1_19' title="bbox 166 2237 365 2325; baseline 0 -23"><span class='ocrx_word' id='word_1_150' title='bbox 166 2237 365 2325; x_wconf 79' lang='lat' dir='ltr'><strong>perspiciunt.</strong></span> 
     </span>
     <span class='ocr_line' id='line_1_20' title="bbox 161 2336 1186 2426; baseline 0 -22"><span class='ocrx_word' id='word_1_151' title='bbox 161 2390 165 2397; x_wconf 94' lang='lat'><strong>.</strong></span> <span class='ocrx_word' id='word_1_152' title='bbox 206 2340 335 2426; x_wconf 84' lang='lat' dir='ltr'><strong>Septem</strong></span> <span class='ocrx_word' id='word_1_153' title='bbox 356 2339 484 2405; x_wconf 88' lang='lat' dir='ltr'><strong>habitos</strong></span> <span class='ocrx_word' id='word_1_154' title='bbox 502 2352 538 2404; x_wconf 87' lang='lat' dir='ltr'><strong>et</strong></span> <span class='ocrx_word' id='word_1_155' title='bbox 550 2336 768 2404; x_wconf 89' lang='lat' dir='ltr'><strong>communiter</strong></span> <span class='ocrx_word' id='word_1_156' title='bbox 784 2337 922 2425; x_wconf 88' lang='lat' dir='ltr'><strong>Delphis</strong></span> <span class='ocrx_word' id='word_1_157' title='bbox 935 2337 1124 2418; x_wconf 82' lang='lat' dir='ltr'><strong>convenille,</strong></span> <span class='ocrx_word' id='word_1_158' title='bbox 1144 2338 1186 2404; x_wconf 89' lang='lat' dir='ltr'><strong>il·-</strong></span> 
     </span>
     <span class='ocr_line' id='line_1_21' title="bbox 173 2436 1187 2526; baseline 0 -20"><span class='ocrx_word' id='word_1_159' title='bbox 173 2436 268 2526; x_wconf 77' lang='lat' dir='ltr'><strong>hsque</strong></span> <span class='ocrx_word' id='word_1_160' title='bbox 288 2442 462 2506; x_wconf 87' lang='lat' dir='ltr'><strong>celebratas</strong></span> <span class='ocrx_word' id='word_1_161' title='bbox 483 2441 604 2526; x_wconf 89' lang='lat' dir='ltr'><strong>templo</strong></span> <span class='ocrx_word' id='word_1_162' title='bbox 624 2440 788 2526; x_wconf 87' lang='lat' dir='ltr'><strong>inscriptas</strong></span> <span class='ocrx_word' id='word_1_163' title='bbox 806 2439 977 2505; x_wconf 85' lang='lat' dir='ltr'><strong>sententias</strong></span> <span class='ocrx_word' id='word_1_164' title='bbox 998 2440 1187 2506; x_wconf 82' lang='lat' dir='ltr'><strong>consecralle</strong></span> 
     </span>
     <span class='ocr_line' id='line_1_22' title="bbox 169 2539 1187 2628; baseline 0.001 -23"><span class='ocrx_word' id='word_1_165' title='bbox 169 2539 287 2623; x_wconf 82' lang='lat' dir='ltr'><strong>‘primus</strong></span> <span class='ocrx_word' id='word_1_166' title='bbox 299 2563 339 2606; x_wconf 83' lang='lat' dir='ltr'><strong>ex</strong></span> <span class='ocrx_word' id='word_1_167' title='bbox 357 2542 396 2605; x_wconf 89' lang='lat' dir='ltr'><strong>iia</strong></span> <span class='ocrx_word' id='word_1_168' title='bbox 409 2542 465 2628; x_wconf 89' lang='lat' dir='ltr'><strong>qui</strong></span> <span class='ocrx_word' id='word_1_169' title='bbox 479 2542 598 2606; x_wconf 84' lang='lat' dir='ltr'><strong>exstant</strong></span> <span class='ocrx_word' id='word_1_170' title='bbox 611 2541 815 2627; x_wconf 85' lang='lat' dir='ltr'><strong>scriptoribus</strong></span> <span class='ocrx_word' id='word_1_171' title='bbox 829 2554 936 2606; x_wconf 87' lang='lat' dir='ltr'><strong>narrat</strong></span> <span class='ocrx_word' id='word_1_172' title='bbox 951 2540 1040 2606; x_wconf 87' lang='lat' dir='ltr'><strong>Plato</strong></span> <span class='ocrx_word' id='word_1_173' title='bbox 1056 2540 1089 2604; x_wconf 89' lang='lat' dir='ltr'><strong>in</strong></span> <span class='ocrx_word' id='word_1_174' title='bbox 1111 2543 1187 2606; x_wconf 84' lang='lat' dir='ltr'><strong>Pm-</strong></span> 
     </span>
     <span class='ocr_line' id='line_1_23' title="bbox 138 2640 1187 2729; baseline -0.005 -18"><span class='ocrx_word' id='word_1_175' title='bbox 138 2680 140 2711; x_wconf 93' lang='lat'><strong>:</strong></span> <span class='ocrx_word' id='word_1_176' title='bbox 170 2649 288 2729; x_wconf 61' lang='lat' dir='ltr'><strong>¹tagora,</strong></span> <span class='ocrx_word' id='word_1_177' title='bbox 308 2643 408 2706; x_wconf 88' lang='lat' dir='ltr'><strong>etita</strong></span> <span class='ocrx_word' id='word_1_178' title='bbox 427 2654 543 2721; x_wconf 85' lang='lat' dir='ltr'><strong>narrat,</strong></span> <span class='ocrx_word' id='word_1_179' title='bbox 565 2653 603 2706; x_wconf 90' lang='lat' dir='ltr'><strong>ut</strong></span> <span class='ocrx_word' id='word_1_180' title='bbox 625 2654 775 2728; x_wconf 77' lang='lat' dir='ltr'><strong>appareat</strong></span> <span class='ocrx_word' id='word_1_181' title='bbox 795 2640 879 2705; x_wconf 86' lang='lat' dir='ltr'><strong>hanc</strong></span> <span class='ocrx_word' id='word_1_182' title='bbox 900 2654 1038 2705; x_wconf 85' lang='lat' dir='ltr'><strong>veterem</strong></span> <span class='ocrx_word' id='word_1_183' title='bbox 1060 2641 1187 2727; x_wconf 91' lang='lat' dir='ltr'><strong>opinio·</strong></span> 
     </span>
     <span class='ocr_line' id='line_1_24' title="bbox 173 2742 1186 2829; baseline -0.001 -23"><span class='ocrx_word' id='word_1_184' title='bbox 173 2760 241 2806; x_wconf 79' lang='lat' dir='ltr'><strong>uem</strong></span> <span class='ocrx_word' id='word_1_185' title='bbox 250 2742 312 2807; x_wconf 79' lang='lat' dir='ltr'><strong>elle</strong></span> <span class='ocrx_word' id='word_1_186' title='bbox 325 2765 360 2829; x_wconf 91' lang='lat' dir='ltr'><strong>p.</strong></span> <span class='ocrx_word' id='word_1_187' title='bbox 371 2745 444 2810; x_wconf 84' lang='lat'><strong>206.</strong></span> <span class='ocrx_word' id='word_1_188' title='bbox 457 2746 492 2808; x_wconf 85' lang='lat' dir='ltr'><strong>F.</strong></span> <span class='ocrx_word' id='word_1_189' title='bbox 512 2742 746 2829; x_wconf 87' lang='lat' dir='ltr'><strong>Theophrastus</strong></span> <span class='ocrx_word' id='word_1_190' title='bbox 759 2742 845 2828; x_wconf 89' lang='lat' dir='ltr'><strong>apud</strong></span> <span class='ocrx_word' id='word_1_191' title='bbox 855 2742 979 2806; x_wconf 88' lang='lat' dir='ltr'><strong>Athen.</strong></span> <span class='ocrx_word' id='word_1_192' title='bbox 992 2743 1053 2806; x_wconf 89' lang='lat' dir='ltr'><strong>Xl.</strong></span> <span class='ocrx_word' id='word_1_193' title='bbox 1065 2763 1099 2827; x_wconf 91' lang='lat' dir='ltr'><strong>p.</strong></span> <span class='ocrx_word' id='word_1_194' title='bbox 1109 2743 1186 2824; x_wconf 83' lang='lat'><strong>463.</strong></span> 
     </span>
     <span class='ocr_line' id='line_1_25' title="bbox 175 2838 1187 2930; baseline 0.003 -27"><span class='ocrx_word' id='word_1_195' title='bbox 175 2838 214 2905; x_wconf 76' lang='grc'><strong>’(1.</strong></span> <span class='ocrx_word' id='word_1_196' title='bbox 243 2845 319 2908; x_wconf 90' lang='lat' dir='ltr'><strong>Vll.</strong></span> <span class='ocrx_word' id='word_1_197' title='bbox 334 2844 521 2930; x_wconf 87' lang='lat' dir='ltr'><strong>Sapientum</strong></span> <span class='ocrx_word' id='word_1_198' title='bbox 539 2843 701 2922; x_wconf 85' lang='lat' dir='ltr'><strong>Convivia,</strong></span> <span class='ocrx_word' id='word_1_199' title='bbox 721 2857 759 2908; x_wconf 91' lang='lat' dir='ltr'><strong>ut</strong></span> <span class='ocrx_word' id='word_1_200' title='bbox 778 2844 797 2906; x_wconf 85' lang='lat' dir='ltr'><strong>sr</strong></span> <span class='ocrx_word' id='word_1_201' title='bbox 813 2842 904 2928; x_wconf 87' lang='lat' dir='ltr'><strong>plura</strong></span> <span class='ocrx_word' id='word_1_202' title='bbox 917 2842 1047 2922; x_wconf 76' lang='lat' dir='ltr'><strong>fuerim,</strong></span> <span class='ocrx_word' id='word_1_203' title='bbox 1062 2863 1187 2907; x_wconf 90' lang='lat' dir='ltr'><strong>memo-</strong></span> 
     </span>
     <span class='ocr_line' id='line_1_26' title="bbox 184 2941 1188 3025; baseline -0.001 -19"><span class='ocrx_word' id='word_1_204' title='bbox 184 2954 237 3009; x_wconf 73' lang='lat' dir='ltr'><strong>nt:</strong></span> <span class='ocrx_word' id='word_1_205' title='bbox 256 2949 388 3008; x_wconf 76' lang='grc' dir='ltr'><strong><em>ίσοιοῦνσο</em></strong></span> <span class='ocrx_word' id='word_1_206' title='bbox 402 2945 430 3007; x_wconf 75' lang='lat' dir='ltr'><strong>li</strong></span> <span class='ocrx_word' id='word_1_207' title='bbox 449 2943 532 3021; x_wconf 62' lang='grc' dir='ltr'><strong><em>καίοί</em></strong></span> <span class='ocrx_word' id='word_1_208' title='bbox 545 2947 605 3007; x_wconf 76' lang='grc' dir='ltr'><strong><em>ίπίοὶ</em></strong></span> <span class='ocrx_word' id='word_1_209' title='bbox 619 2943 769 3024; x_wconf 65' lang='lat' dir='ltr'><strong>adalpero</strong></span> <span class='ocrx_word' id='word_1_210' title='bbox 783 2945 859 3025; x_wconf 74' lang='grc' dir='ltr'><strong><em>σοφοὶ</em></strong></span> <span class='ocrx_word' id='word_1_211' title='bbox 876 2944 1049 3025; x_wconf 68' lang='grc' dir='ltr'><strong>συμποτικοῖς</strong></span> <span class='ocrx_word' id='word_1_212' title='bbox 1067 2941 1188 3024; x_wconf 57' lang='lat' dir='ltr'><strong>ibellum·</strong></span> 
     </span>
     <span class='ocr_line' id='line_1_27' title="bbox 184 3043 1190 3132; baseline -0.001 -23"><span class='ocrx_word' id='word_1_213' title='bbox 184 3048 376 3130; x_wconf 62' lang='lat' dir='ltr'><strong>&#39;epapubsiros</strong></span> <span class='ocrx_word' id='word_1_214' title='bbox 390 3050 476 3132; x_wconf 72' lang='grc' dir='ltr'><strong>γὰρό</strong></span> <span class='ocrx_word' id='word_1_215' title='bbox 491 3045 556 3119; x_wconf 81' lang='grc' dir='ltr'><strong><em>οίνος</em></strong></span> <span class='ocrx_word' id='word_1_216' title='bbox 568 3047 590 3131; x_wconf 56' lang='grc' dir='ltr'>ᾖ</span> <span class='ocrx_word' id='word_1_217' title='bbox 604 3050 652 3124; x_wconf 62' lang='grc' dir='ltr'><strong>τὴν</strong></span> <span class='ocrx_word' id='word_1_218' title='bbox 664 3052 701 3109; x_wconf 74' lang='grc' dir='ltr'><strong><em>σέ</em></strong></span> <span class='ocrx_word' id='word_1_219' title='bbox 714 3046 803 3132; x_wconf 69' lang='grc' dir='ltr'><strong><em>γήρως</em></strong></span> <span class='ocrx_word' id='word_1_220' title='bbox 818 3045 969 3127; x_wconf 51' lang='lat' dir='ltr'><strong>&amp;Duplam</strong></span> <span class='ocrx_word' id='word_1_221' title='bbox 992 3046 1098 3128; x_wconf 74' lang='grc' dir='ltr'><strong><em>φησῖνί</em></strong></span> <span class='ocrx_word' id='word_1_222' title='bbox 1114 3043 1190 3109; x_wconf 80' lang='grc' dir='ltr'><strong><em>Θοί-</em></strong></span> 
     </span>
     <span class='ocr_line' id='line_1_28' title="bbox 183 3145 1189 3236; baseline -0.001 -25"><span class='ocrx_word' id='word_1_223' title='bbox 183 3158 266 3231; x_wconf 66' lang='grc' dir='ltr'><strong><em>φνισος</em></strong></span> <span class='ocrx_word' id='word_1_224' title='bbox 289 3151 377 3233; x_wconf 74' lang='grc' dir='ltr'><strong><em>ίνσῷ</em></strong></span> <span class='ocrx_word' id='word_1_225' title='bbox 396 3148 464 3236; x_wconf 71' lang='lat' dir='ltr'><strong>vagi</strong></span> <span class='ocrx_word' id='word_1_226' title='bbox 486 3147 583 3229; x_wconf 68' lang='grc' dir='ltr'><strong><em>μέθης.</em></strong></span> <span class='ocrx_word' id='word_1_227' title='bbox 629 3147 816 3212; x_wconf 86' lang='lat' dir='ltr'><strong>Plutarchus</strong></span> <span class='ocrx_word' id='word_1_228' title='bbox 838 3146 871 3210; x_wconf 94' lang='lat' dir='ltr'><strong>in</strong></span> <span class='ocrx_word' id='word_1_229' title='bbox 892 3145 1008 3211; x_wconf 92' lang='lat' dir='ltr'><strong>Solone</strong></span> <span class='ocrx_word' id='word_1_230' title='bbox 1031 3166 1064 3231; x_wconf 89' lang='lat' dir='ltr'><strong>p.</strong></span> <span class='ocrx_word' id='word_1_231' title='bbox 1081 3146 1134 3210; x_wconf 91' lang='lat'><strong>80.</strong></span> <span class='ocrx_word' id='word_1_232' title='bbox 1149 3146 1189 3211; x_wconf 90' lang='lat' dir='ltr'><strong>C.</strong></span> 
     </span>
     <span class='ocr_line' id='line_1_29' title="bbox 183 3247 1189 3327; baseline 0.001 -16"><span class='ocrx_word' id='word_1_233' title='bbox 183 3262 234 3311; x_wconf 80' lang='lat' dir='ltr'><strong>uon</strong></span> <span class='ocrx_word' id='word_1_234' title='bbox 253 3247 400 3313; x_wconf 85' lang='lat' dir='ltr'><strong>disertam</strong></span> <span class='ocrx_word' id='word_1_235' title='bbox 422 3247 546 3312; x_wconf 89' lang='lat' dir='ltr'><strong>numeri</strong></span> <span class='ocrx_word' id='word_1_236' title='bbox 568 3248 764 3312; x_wconf 90' lang='lat' dir='ltr'><strong>mentionem</strong></span> <span class='ocrx_word' id='word_1_237' title='bbox 779 3247 911 3327; x_wconf 88' lang='lat' dir='ltr'><strong>faciens,</strong></span> <span class='ocrx_word' id='word_1_238' title='bbox 926 3261 1034 3313; x_wconf 83' lang='lat' dir='ltr'><strong>tamen</strong></span> <span class='ocrx_word' id='word_1_239' title='bbox 1048 3269 1189 3313; x_wconf 87' lang='lat' dir='ltr'><strong>eonven-</strong></span> 
     </span>
     <span class='ocr_line' id='line_1_30' title="bbox 138 3347 1190 3435; baseline 0.002 -24"><span class='ocrx_word' id='word_1_240' title='bbox 138 3402 140 3429; x_wconf 46' lang='lat' dir='ltr'>i</span> <span class='ocrx_word' id='word_1_241' title='bbox 183 3356 240 3411; x_wconf 81' lang='lat' dir='ltr'><strong>lum</strong></span> <span class='ocrx_word' id='word_1_242' title='bbox 257 3348 396 3435; x_wconf 89' lang='lat' dir='ltr'><strong>Delphis</strong></span> <span class='ocrx_word' id='word_1_243' title='bbox 418 3361 452 3412; x_wconf 91' lang='lat' dir='ltr'><strong>et</strong></span> <span class='ocrx_word' id='word_1_244' title='bbox 476 3347 663 3412; x_wconf 88' lang='lat' dir='ltr'><strong>Convivium</strong></span> <span class='ocrx_word' id='word_1_245' title='bbox 689 3348 841 3413; x_wconf 90' lang='lat' dir='ltr'><strong>Corinthi</strong></span> <span class='ocrx_word' id='word_1_246' title='bbox 862 3347 949 3435; x_wconf 88' lang='lat' dir='ltr'><strong>apud</strong></span> <span class='ocrx_word' id='word_1_247' title='bbox 975 3347 1190 3428; x_wconf 88' lang='lat' dir='ltr'><strong>Periandrum,</strong></span> 
     </span>
     <span class='ocr_line' id='line_1_31' title="bbox 182 3446 1194 3535; baseline -0.002 -22"><span class='ocrx_word' id='word_1_248' title='bbox 182 3446 291 3535; x_wconf 67' lang='lat' dir='ltr'><strong>wlgari</strong></span> <span class='ocrx_word' id='word_1_249' title='bbox 303 3450 394 3514; x_wconf 56' lang='lat' dir='ltr'><strong>&gt;fama</strong></span> <span class='ocrx_word' id='word_1_250' title='bbox 414 3448 566 3513; x_wconf 84' lang='lat' dir='ltr'><strong>traditum</strong></span> <span class='ocrx_word' id='word_1_251' title='bbox 582 3449 696 3514; x_wconf 86' lang='lat' dir='ltr'><strong>refert:</strong></span> <span class='ocrx_word' id='word_1_252' title='bbox 719 3448 838 3533; x_wconf 67' lang='grc' dir='ltr'><strong><em>γννίθον</em></strong></span> <span class='ocrx_word' id='word_1_253' title='bbox 858 3451 886 3511; x_wconf 74' lang='lat' dir='ltr'><strong>li</strong></span> <span class='ocrx_word' id='word_1_254' title='bbox 906 3451 966 3530; x_wconf 71' lang='grc' dir='ltr'><strong>μετ’</strong></span> <span class='ocrx_word' id='word_1_255' title='bbox 980 3449 1110 3527; x_wconf 74' lang='grc' dir='ltr'><strong><em>ἆλλῆλονν</em></strong></span> <span class='ocrx_word' id='word_1_256' title='bbox 1124 3448 1150 3512; x_wconf 78' lang='grc' dir='ltr'><strong>ίν</strong></span> <span class='ocrx_word' id='word_1_257' title='bbox 1162 3475 1194 3512; x_wconf 81' lang='grc' dir='ltr'><strong>σν</strong></span> 
     </span>
     <span class='ocr_line' id='line_1_32' title="bbox 167 3549 1194 3638; baseline -0.001 -24"><span class='ocrx_word' id='word_1_258' title='bbox 167 3552 285 3631; x_wconf 66' lang='grc' dir='ltr'><strong>Δελφοῖς</strong></span> <span class='ocrx_word' id='word_1_259' title='bbox 299 3557 366 3632; x_wconf 76' lang='grc' dir='ltr'><strong>ὁμοῦ</strong></span> <span class='ocrx_word' id='word_1_260' title='bbox 379 3550 520 3634; x_wconf 64' lang='grc' dir='ltr'><strong><em>λίγονσσν,</em></strong></span> <span class='ocrx_word' id='word_1_261' title='bbox 535 3549 581 3627; x_wconf 66' lang='grc' dir='ltr'><strong>κα)</strong></span> <span class='ocrx_word' id='word_1_262' title='bbox 593 3551 677 3613; x_wconf 75' lang='grc' dir='ltr'><strong><em>πάλιν</em></strong></span> <span class='ocrx_word' id='word_1_263' title='bbox 692 3554 718 3613; x_wconf 78' lang='lat' dir='ltr'><strong>is</strong></span> <span class='ocrx_word' id='word_1_264' title='bbox 734 3549 872 3638; x_wconf 66' lang='grc' dir='ltr'><strong>Κορίνθῳ,</strong></span> <span class='ocrx_word' id='word_1_265' title='bbox 887 3551 1042 3637; x_wconf 73' lang='grc' dir='ltr'><strong><em>Πνςνίινδρε</em></strong></span> <span class='ocrx_word' id='word_1_266' title='bbox 1055 3550 1194 3635; x_wconf 72' lang='grc' dir='ltr'><strong><em>σύλλογόν</em></strong></span> 
     </span>
     <span class='ocr_line' id='line_1_33' title="bbox 177 3651 1195 3738; baseline 0.003 -25"><span class='ocrx_word' id='word_1_267' title='bbox 177 3674 233 3715; x_wconf 74' lang='grc' dir='ltr'><strong>τινα</strong></span> <span class='ocrx_word' id='word_1_268' title='bbox 256 3654 342 3717; x_wconf 71' lang='grc' dir='ltr'><strong><em>κοινὸν</em></strong></span> <span class='ocrx_word' id='word_1_269' title='bbox 362 3656 451 3716; x_wconf 65' lang='lat' dir='ltr'><strong>vireis</strong></span> <span class='ocrx_word' id='word_1_270' title='bbox 474 3651 519 3731; x_wconf 74' lang='lat' dir='ltr'><strong>nol</strong></span> <span class='ocrx_word' id='word_1_271' title='bbox 542 3652 693 3733; x_wconf 74' lang='grc' dir='ltr'><strong><em>συμπόσιον</em></strong></span> <span class='ocrx_word' id='word_1_272' title='bbox 715 3652 988 3727; x_wconf 75' lang='grc' dir='ltr'><strong><em>κατασκευάσαντος.</em></strong></span> <span class='ocrx_word' id='word_1_273' title='bbox 1032 3652 1195 3738; x_wconf 71' lang='lat' dir='ltr'><strong>Diogenes</strong></span> 
     </span>
     <span class='ocr_line' id='line_1_34' title="bbox 163 3751 1196 3838; baseline -0.002 -21"><span class='ocrx_word' id='word_1_274' title='bbox 163 3751 316 3817; x_wconf 69' lang='lat' dir='ltr'><strong>laertius</strong></span> <span class='ocrx_word' id='word_1_275' title='bbox 334 3753 362 3816; x_wconf 97' lang='lat' dir='ltr'><strong>l.</strong></span> <span class='ocrx_word' id='word_1_276' title='bbox 378 3774 430 3837; x_wconf 88' lang='lat'><strong>99.</strong></span> <span class='ocrx_word' id='word_1_277' title='bbox 452 3751 586 3838; x_wconf 87' lang='lat' dir='ltr'><strong>apponit</strong></span> <span class='ocrx_word' id='word_1_278' title='bbox 606 3751 767 3838; x_wconf 80' lang='lat' dir='ltr'><strong>epistolam</strong></span> <span class='ocrx_word' id='word_1_279' title='bbox 784 3751 942 3817; x_wconf 89' lang='lat' dir='ltr'><strong>Periandri</strong></span> <span class='ocrx_word' id='word_1_280' title='bbox 956 3751 997 3816; x_wconf 88' lang='lat' dir='ltr'><strong>ad</strong></span> <span class='ocrx_word' id='word_1_281' title='bbox 1016 3772 1196 3838; x_wconf 79' lang='lat' dir='ltr'><strong>congrege·</strong></span> 
     </span>
     <span class='ocr_line' id='line_1_35' title="bbox 173 3851 1194 3939; baseline -0.002 -20"><span class='ocrx_word' id='word_1_282' title='bbox 173 3864 222 3919; x_wconf 87' lang='lat' dir='ltr'><strong>tos</strong></span> <span class='ocrx_word' id='word_1_283' title='bbox 246 3853 384 3939; x_wconf 87' lang='lat' dir='ltr'><strong>Delphis</strong></span> <span class='ocrx_word' id='word_1_284' title='bbox 409 3854 573 3938; x_wconf 86' lang='lat' dir='ltr'><strong>Sapientes</strong></span> <span class='ocrx_word' id='word_1_285' title='bbox 599 3875 654 3917; x_wconf 86' lang='lat' dir='ltr'><strong>cos</strong></span> <span class='ocrx_word' id='word_1_286' title='bbox 676 3852 717 3917; x_wconf 94' lang='lat' dir='ltr'><strong>ad</strong></span> <span class='ocrx_word' id='word_1_287' title='bbox 746 3853 777 3917; x_wconf 91' lang='lat' dir='ltr'><strong>se</strong></span> <span class='ocrx_word' id='word_1_288' title='bbox 801 3853 995 3918; x_wconf 88' lang='lat' dir='ltr'><strong>Corinthum</strong></span> <span class='ocrx_word' id='word_1_289' title='bbox 1023 3851 1194 3929; x_wconf 86' lang='lat' dir='ltr'><strong>invitantis,</strong></span> 
     </span>
     <span class='ocr_line' id='line_1_36' title="bbox 171 3953 1198 4040; baseline -0.005 -19"><span class='ocrx_word' id='word_1_290' title='bbox 171 3954 260 4022; x_wconf 84' lang='lat' dir='ltr'><strong>nullo</strong></span> <span class='ocrx_word' id='word_1_291' title='bbox 272 3953 384 4020; x_wconf 87' lang='lat' dir='ltr'><strong>addito</strong></span> <span class='ocrx_word' id='word_1_292' title='bbox 396 3976 531 4019; x_wconf 90' lang='lat' dir='ltr'><strong>numero</strong></span> <span class='ocrx_word' id='word_1_293' title='bbox 546 3954 726 4040; x_wconf 76' lang='lat' dir='ltr'><strong>simpliciter</strong></span> <span class='ocrx_word' id='word_1_294' title='bbox 742 3954 943 4040; x_wconf 85' lang='lat' dir='ltr'><strong>appellantis,</strong></span> <span class='ocrx_word' id='word_1_295' title='bbox 966 3953 1130 4040; x_wconf 73' lang='grc' dir='ltr'><strong><em>Περίανδρος</em></strong></span> <span class='ocrx_word' id='word_1_296' title='bbox 1142 3957 1198 4028; x_wconf 84' lang='grc' dir='ltr'><strong><em>τοῖς</em></strong></span> 
     </span>
     <span class='ocr_line' id='line_1_37' title="bbox 167 4050 1197 4138; baseline -0.001 -23"><span class='ocrx_word' id='word_1_297' title='bbox 167 4053 279 4135; x_wconf 74' lang='grc' dir='ltr'><strong><em>Σοφοῖς·</em></strong></span> <span class='ocrx_word' id='word_1_298' title='bbox 302 4070 497 4138; x_wconf 88' lang='lat' dir='ltr'><strong>quamquam</strong></span> <span class='ocrx_word' id='word_1_299' title='bbox 511 4051 552 4115; x_wconf 91' lang='lat' dir='ltr'><strong>de</strong></span> <span class='ocrx_word' id='word_1_300' title='bbox 567 4050 664 4138; x_wconf 85' lang='lat' dir='ltr'><strong>hujus</strong></span> <span class='ocrx_word' id='word_1_301' title='bbox 676 4052 813 4138; x_wconf 85' lang='lat' dir='ltr'><strong>epistolae</strong></span> <span class='ocrx_word' id='word_1_302' title='bbox 834 4052 1021 4125; x_wconf 71' lang='lat' dir='ltr'><strong>auctoritate</strong></span> <span class='ocrx_word' id='word_1_303' title='bbox 1035 4071 1100 4114; x_wconf 90' lang='lat' dir='ltr'><strong>non</strong></span> <span class='ocrx_word' id='word_1_304' title='bbox 1114 4051 1197 4115; x_wconf 88' lang='lat' dir='ltr'><strong>affir-</strong></span> 
     </span>
     <span class='ocr_line' id='line_1_38' title="bbox 166 4152 1198 4240; baseline -0.006 -17"><span class='ocrx_word' id='word_1_305' title='bbox 166 4177 307 4223; x_wconf 87' lang='lat' dir='ltr'><strong>mamus.</strong></span> <span class='ocrx_word' id='word_1_306' title='bbox 340 4155 433 4219; x_wconf 87' lang='lat' dir='ltr'><strong>ldem</strong></span> <span class='ocrx_word' id='word_1_307' title='bbox 444 4158 471 4218; x_wconf 93' lang='grc' dir='ltr'><strong>Ι.</strong></span> <span class='ocrx_word' id='word_1_308' title='bbox 483 4174 538 4236; x_wconf 84' lang='lat'><strong>40.</strong></span> <span class='ocrx_word' id='word_1_309' title='bbox 554 4153 660 4240; x_wconf 91' lang='lat' dir='ltr'><strong>prodit</strong></span> <span class='ocrx_word' id='word_1_310' title='bbox 673 4153 822 4240; x_wconf 86' lang='lat' dir='ltr'><strong>quosdam</strong></span> <span class='ocrx_word' id='word_1_311' title='bbox 839 4175 962 4217; x_wconf 87' lang='lat' dir='ltr'><strong>narrare</strong></span> <span class='ocrx_word' id='word_1_312' title='bbox 976 4152 1093 4220; x_wconf 86' lang='lat' dir='ltr'><strong>horum</strong></span> <span class='ocrx_word' id='word_1_313' title='bbox 1106 4153 1198 4238; x_wconf 89' lang='lat' dir='ltr'><strong>Sapi-</strong></span> 
     </span>
     <span class='ocr_line' id='line_1_39' title="bbox 153 4252 1198 4333; baseline -0.003 -11"><span class='ocrx_word' id='word_1_314' title='bbox 153 4271 286 4328; x_wconf 75' lang='lat' dir='ltr'><strong>entum</strong></span> <span class='ocrx_word' id='word_1_315' title='bbox 307 4254 396 4322; x_wconf 81' lang='lat' dir='ltr'><strong>fuilse</strong></span> <span class='ocrx_word' id='word_1_316' title='bbox 419 4270 611 4321; x_wconf 86' lang='lat' dir='ltr'><strong>conventum</strong></span> <span class='ocrx_word' id='word_1_317' title='bbox 633 4254 666 4319; x_wconf 91' lang='lat' dir='ltr'><strong>in</strong></span> <span class='ocrx_word' id='word_1_318' title='bbox 691 4253 852 4333; x_wconf 87' lang='lat' dir='ltr'><strong>Panionio,</strong></span> <span class='ocrx_word' id='word_1_319' title='bbox 878 4252 1043 4333; x_wconf 82' lang='lat' dir='ltr'><strong>Corinthi,</strong></span> <span class='ocrx_word' id='word_1_320' title='bbox 1063 4265 1097 4323; x_wconf 84' lang='lat' dir='ltr'><strong>et</strong></span> <span class='ocrx_word' id='word_1_321' title='bbox 1119 4253 1198 4324; x_wconf 89' lang='lat' dir='ltr'><strong>Del·</strong></span> 
     </span>
    </p>
   </div>
   <div class='ocr_carea' id='block_1_3' title="bbox 0 0 1372 4928">
    <p class='ocr_par' dir='ltr' id='par_1_3' title="bbox 0 0 1372 4928">
     <span class='ocr_line' id='line_1_40' title="bbox 0 0 1372 4928; baseline 0 0"><span class='ocrx_word' id='word_1_322' title='bbox 0 0 1372 4928; x_wconf 95' lang='lat' dir='ltr'><strong> </strong></span> 
     </span>
    </p>
   </div>
  </div>
 </body>
</html>
