2700 4928
291 320 351 387 934
478 312 517 372 n.
531 313 581 370 w.
600 309 807 374 inuitur.
827 309 881 407 1an
895 307 1128 385 enormem
1206 336 1209 340 ι

294 483 399 552 τοῦτον,
413 472 447 549 ὥς
460 493 553 555 perir,
568 472 722 547 ἀναθέντος·
746 474 789 537 inl
803 474 830 536 δὲ
844 477 918 558 αὐτῷ
931 471 1060 546 Μνόνανς
1073 473 1097 558 ᾖ
1109 469 1205 554 ‘'‘l'ercp
1216 467 1295 544 θῦννν,

293 576 420 660 λέγοννες
437 577 482 638 τὸν
496 574 597 638 Ὕπνον
611 579 679 639 θεῶν
693 574 805 655 prims-u
819 573 882 652 elem
896 573 974 656 φίλον
985 571 1116 648 Μίνως.
1154 569 1294 636 Pittheam

292 676 412 740 constat
425 674 537 745 Thesei
553 674 642 741 fuisse
662 696 766 741 avum.
804 674 904 739 Plinio
926 677 971 738 H.
988 673 1033 736 N.
1048 674 1128 738 VII.
1142 687 1195 756 57.
1213 668 1293 734 verifi-

291 777 427 843 millima
447 775 630 865 conjeetura
650 777 782 842 restituit
801 775 1002 840 Harduirrua:
1028 775 1104 839 Οννν
1123 773 1202 837 tibiis
1215 793 1294 835 carm

291 902 361 943 uoce
383 878 552 943 Troezenius
573 878 710 943 Ardalus
727 877 871 962 irfiltulir
898 878 954 942 ubi
974 895 1035 963 pro
1052 875 1118 941 hoc
1139 874 1257 941 murino
1270 871 1293 934 iu

290 977 379 1044 libris
394 980 493 1045 fertur
507 980 684 1043 Dardanus.

337 1096 408 1165 150.
424 1082 467 1144 A.
490 1080 671 1167 Alemoff]
698 1080 732 1145 Si
753 1079 823 1145 haec
841 1079 882 1144 ad
894 1077 1043 1164 Delphos
1059 1074 1180 1164 legatio
1192 1097 1227 1140 ea
1238 1072 1294 1150 luit,

292 1202 355 1266 qua
368 1182 506 1268 AEsopus
519 1205 538 1245 a
551 1178 784 1267 Delphensrbue
799 1179 982 1245 interfe&ue
995 1177 1051 1257 est,
1068 1191 1244 1263 temporum
1257 1195 1295 1237 ra·

288 1280 412 1352 ¹tionem
428 1305 492 1346 non
508 1282 635 1346 [enavit
652 1281 858 1358 Plutarchum
882 1279 979 1344 modo
1000 1278 1086 1343 reule
1107 1299 1208 1342 annos
1226 1274 1295 1339 ordi·

289 1384 410 1449 naverit
432 1384 493 1450 Ed.
510 1384 659 1450 Corfinue
681 1386 759 1448 Fast.
779 1383 884 1447 Attic.
898 1379 975 1446 Vol.
991 1381 1055 1445 111.
1080 1402 1115 1465 p.
1131 1381 1183 1464 85.
1207 1391 1238 1442 et
1254 1395 1296 1462 93.

291 1485 451 1550 Periandri
479 1499 614 1551 mortem
640 1502 762 1571 ponens
792 1484 923 1571 Olymp.
946 1483 1102 1549 XLVIII.
1124 1502 1166 1560 42
1192 1478 1297 1565 AEsopI‚

292 1585 424 1674 Olymp.
440 1589 526 1653 LIV.
544 1608 579 1652 ιε
603 1585 657 1651 nisr
680 1586 761 1650 forte
785 1580 973 1650 Plutarchus
990 1582 1030 1646 de
1051 1583 1158 1668 priore
1179 1580 1297 1668 quedam

290 1685 361 1773 ejus
384 1687 425 1751 ad
444 1686 589 1772 Delphos
610 1685 770 1772 legatione
782 1684 935 1770 quuitur,
949 1682 1001 1748 cui
1016 1682 1155 1768 peraeiae
1169 1681 1299 1769 superstes

291 1802 325 1856 et
338 1786 507 1852 incolumis
522 1787 631 1867 fuerit,
645 1785 861 1872 scripseritque
872 1782 953 1848 duos
966 1782 1064 1847 libros
1074 1782 1115 1846 de
1130 1783 1298 1868 rebue,quae

291 1886 346 1972 ipsr
359 1887 495 1976 Delphis
508 1900 693 1966 evenerunt,
708 1901 746 1951 ut
759 1909 798 1951 ex
811 1886 933 1949 incerto
948 1884 1077 1950 auclore
1092 1883 1190 1948 tradit
1202 1878 1298 1946 Suidu

290 2011 368 2054 voce
391 1987 529 2066 Αἴσωπος,
555 1987 682 2071 Emisere
711 1986 842 2065 addens,
865 1984 1037 2050 secundum
1058 1984 1138 2048 alios
1159 1984 1298 2059 aueloret,

273 2079 365 2152 'eum
388 2089 433 2153 nil
455 2090 507 2152 nifi
530 2105 625 2154 acuta
646 2087 790 2180 responsa
807 2078 962 2172 scripfiffe',
985 2099 1020 2149 et
1041 2106 1061 2148 a
1083 2080 1298 2171 Delphentibur

207 2188 213 2195 '
289 2186 493 2253 interfectum
507 2188 568 2252 effe
583 2187 776 2275 Olympiade
790 2188 877 2251 LIV.
910 2186 972 2252 Sed
986 2185 1057 2249 hoec
1071 2206 1228 2272 apponere
1239 2206 1297 2249 onr-

289 2287 344 2350 nia
355 2310 419 2351 non
434 2288 560 2352 attinet.
590 2288 667 2351 Non
681 2287 811 2373 quidem
827 2281 977 2351 differunt
998 2308 1193 2373 magnopere
1207 2285 1236 2350 in
1249 2307 1296 2350 m·

173 2459 180 2473 ι
289 2408 344 2464 no,
366 2407 430 2471 quo
452 2387 589 2472 AEsopus
610 2387 736 2465 obierit,
757 2387 947 2452 recentiores
968 2386 1187 2474 Chmnologi:
1215 2382 1295 2451 veluti

289 2485 434 2551 Petaviue
446 2486 523 2553 item
535 2487 627 2574 ponit
640 2488 692 2552 01.
707 2488 795 2552 LIV.
811 2507 840 2550 1.
864 2487 1041 2552 Iarcherus
1054 2486 1096 2551 ad
1111 2487 1295 2552 Herodotum

287 2584 364 2651 Vol.
378 2587 456 2654 VII.
479 2610 513 2674 p.
527 2606 604 2673 541.
627 2604 661 2653 et
682 2589 756 2656 621.
795 2588 848 2653 Ol.
866 2590 1010 2670 LIV.4=
1034 2586 1178 2676 Scaliger
1196 2587 1293 2652 Anim-

288 2687 359 2764 adv.
374 2686 415 2752 ed
428 2690 543 2754 Euseb.
566 2711 598 2775 p.
613 2708 667 2775 92.
689 2711 882 2776 quamquam
905 2702 938 2754 et
960 2689 1014 2753 hie
1036 2688 1144 2754 Suidae
1165 2697 1294 2772 corrupta
1338 2751 1340 2755 .

288 2791 421 2876 sequeno
439 2790 543 2871 verba,
565 2803 599 2856 et
619 2791 767 2856 Corfinua
781 2813 820 2855 ex
836 2790 968 2865 Phaedro
984 2791 1011 2852 1.
1024 2809 1056 2856 ν.
1072 2789 1190 2856 nullius
1204 2790 1232 2853 in
1244 2788 1293 2852 hoc

287 2912 406 2975 genere
430 2892 627 2957 aueloritatis
651 2893 813 2979 scriptore,
837 2905 1063 2979 argumentum
1090 2892 1220 2957 ducens.
1256 2887 1292 2950 At

287 2987 343 3053 illa
363 2989 439 3055 levis
455 2993 510 3071 est,
531 3015 596 3079 prae
615 2993 724 3071 altera,
744 2992 923 3058 difficultas.
956 2992 1044 3080 Quid
1065 2994 1151 3059 enirn
1172 2994 1213 3058 est
1225 2983 1291 3078 quod

150 3162 154 3169 ,
286 3089 415 3157 initium
431 3094 520 3180 regni
536 3096 633 3165 Croesi
647 3094 777 3180 ponitur
792 3092 922 3182 Olymp.
932 3098 1002 3162 LV.
1017 3119 1096 3184 ergo
1109 3099 1177 3184 post
1189 3095 1290 3163 obitum

287 3190 414 3277 AEsopii
439 3215 534 3279 quem
549 3207 655 3258 tamen
669 3193 754 3278 apud
770 3216 879 3280 regem
892 3193 1036 3261 Croesum
1049 3198 1156 3285 gratia
1168 3191 1290 3266 flontffer

285 3290 328 3355 ab
353 3312 454 3377 eoque
481 3292 627 3379 Delphos
653 3293 790 3372 millum,
817 3297 921 3360 omnir
948 3299 1123 3384 antiquitas
1147 3291 1291 3366 consentit·

286 3390 341 3456 An
356 3413 428 3455 vero
444 3414 531 3472 eum,
548 3395 616 3458 vivo
630 3393 734 3458 adhuc
749 3409 839 3480 patre
852 3397 997 3484 Alyatte,
1018 3412 1076 3464 aut
1096 3423 1229 3490 regnum
1247 3394 1295 3463 ob⁶

286 3492 423 3574 tinuirse,
447 3508 504 3560 aut
527 3497 561 3560 in
586 3495 676 3584 regni
698 3496 879 3562 societatem
901 3500 1071 3566 assumtum
1095 3501 1252 3568 dicamus:
1272 3493 1298 3559 lu

287 3617 382 3681 quam
397 3594 581 3681 opinionem
594 3597 660 3661 fem
673 3596 797 3662 ducunt
815 3598 943 3681 indicIa,
962 3603 1205 3692 eWelseIing'm
1217 3622 1302 3670 moe‘
1338 3620 1340 3625 '

285 3697 377 3769 strata
388 3695 433 3781 ¹ad
448 3696 650 3762 Herodotum
664 3700 696 3769 J.
709 3718 763 3784 30·
1183 3692 1185 3696 '

331 3816 402 3885 150.
417 3798 460 3863 A.
483 3800 524 3862 inl
549 3799 626 3887 lippe
648 3803 716 3875 τινὸς
732 3803 903 3886 χαμανξῆλν
920 3808 1006 3892 παρὰ
1022 3806 1069 3869 riv
1082 3805 1202 3874 Σίλωνα
1222 3805 1309 3888 nali*

283 3903 374 3987 μενος]
399 3900 591 3986 Exemplum
606 3923 623 3966 e
638 3902 769 3968 Platone
783 3903 929 3985 dulium,
944 3906 1000 3992 qui
1014 3906 1157 3975 fimiliter
1172 3911 1207 3977 in
1223 3913 1312 3988 Phae‘

284 4002 368 4066 done
388 4023 421 4088 p.
435 4003 511 4089 389.
527 4002 563 4066 F.
583 4000 681 4088 ἔτυχον
699 4008 756 4089 γὰρ
773 4004 923 4088 καθήμενος
941 4009 967 4069 ἐν
987 4010 1062 4095 δεξιᾷ
1079 4014 1153 4074 ariri
1168 4017 1313 4101 σσςᾶτὲν
1336 4028 1340 4051 ¹

284 4103 375 4180 κλίνην
393 4104 435 4166 ἐπὶ
451 4102 631 4190 χαμαιζήλου
651 4103 730 4183 τινός·
755 4107 812 4168 ὅδὲ
833 4106 875 4170 ἐπὶ
894 4114 1000 4194 πολλῷ
1020 4111 1222 4200 liquerim&
1244 4113 1313 4202 lyd,

282 4201 485 4271 Vocabulum
498 4204 678 4292 χαμαίζηλος
696 4205 729 4273 in
751 4206 872 4276 Gloffae
896 4208 1007 4276 retudit
1028 4209 1183 4298 Timaeus,
1206 4216 1315 4311 ibique
