2700 4928
223 104 952 188 sarransarram.couvrv.p.1s7.u,r.
1042 111 1102 184 μορ

69 286 103 355 p.
117 265 195 330 618.
210 268 253 332 D.
275 269 331 336 ubi
351 285 385 337 et
406 273 493 337 hunc
515 273 674 338 Plutarchi
698 272 804 338 locum
821 270 924 335 adfert
941 271 1101 336 Calaubo-

73 384 143 431 uus.
177 368 301 435 Polluci
317 373 375 436 lV.
390 393 445 458 53.
469 376 546 438 Vll.
564 375 636 439 180.
652 373 693 438 ad
707 373 776 460 ejus
790 371 1026 436 lirnilitudinem
1041 375 1101 435 ἐοιν-

78 464 166 548 μιὶλιος
191 469 299 535 Diana
320 475 467 539 confecia
487 474 571 562 apud
592 476 725 539 Sextum
744 473 866 558 Empir.
889 471 972 537 adv.
993 472 1100 537 Math.

77 569 132 635 tx.
149 570 221 655 185.

120 670 188 754 157.
205 677 244 738 E.
272 675 379 740 -ὅσον
400 683 426 741 ἐν
448 679 585 765 μαλάχη]
606 677 696 763 Ἔμγ.
713 698 766 759 41.
791 677 888 742 modo
910 676 1101 758 notavimus,

10 854 13 861 Ι
85 786 112 834 et
132 772 248 841 l'lunus
263 780 375 843 XXII
390 800 444 864 33.
469 779 513 844 ibi
537 782 664 860 citatus,
686 778 735 842 οιλ
728 805 786 860 μον
808 779 1005 866 Epimenidis
1026 778 1102 845 inde

10 888 14 938 t
87 875 185 939 ladam
210 880 365 964 quosdam
395 896 513 946 temere
541 897 653 969 putare
684 883 791 948 refert.
840 882 888 945 At
916 883 1008 945 XXI.
1035 883 1099 946 68.

10 992 19 1041 ε’
87 976 141 1063 Asp
142 978 256 1043 bodelus
281 983 446 1061 manditur,
469 998 497 1046 et
494 986 626 1147 ‘semme
649 983 714 1071 trsso
738 996 765 1048 et
787 986 824 1048 bu
826 985 894 1048 l.·b0
913 986 974 1071 sed
993 984 1103 1050 bocru

10 1046 29 1179 Ξ·
90 1077 166 1148 cinere
179 1080 257 1165 tosto,
271 1083 341 1146 dein
351 1083 422 1171 sale
435 1098 463 1147 et
477 1110 491 1149 ο
494 1085 535 1149 leo
550 1087 675 1150 addito·
667 1099 842 1171 ,praeterea
857 1087 917 1173 tuso
935 1085 1100 1173 ortmficis:

10 1186 25 1267 ’a
90 1181 220 1268 pracipua
241 1207 281 1246 oo
282 1184 406 1271 lupico,
432 1199 466 1248 ut
487 1188 609 1250 videtur
635 1186 768 1272 Hestodo.
807 1189 858 1251 lta
880 1186 1102 1273 distinguenda

14 1270 21 1295 ²
93 1281 177 1345 rerba.
205 1285 291 1348 Nam
307 1287 363 1372 qui
379 1287 513 1372 priorem
530 1302 605 1352 ante
613 1289 687 1375 ficis
701 1301 824 1373 partem
840 1289 916 1352 item
931 1288 971 1352 ad
988 1291 1099 1353 Hefio-

92 1377 153 1445 <lum
174 1385 359 1465 retulerant,
382 1387 413 1450 in
429 1410 499 1452 eam
522 1389 705 1474 opinionem
721 1388 841 1453 inducti
862 1389 946 1467 sunt,
966 1403 1002 1453 ut
1018 1390 1100 1454 hanc

10 1534 12 1539 .
93 1482 268 1548 mentionem
289 1509 352 1551 non
377 1488 418 1552 ad
437 1488 524 1552 hunc
540 1505 642 1575 poetae
657 1491 789 1568 versum,
806 1489 857 1553 sed
876 1488 917 1553 ad
938 1490 1100 1575 perditum

10 1641 14 1645 .
92 1582 231 1664 quoddam
247 1587 287 1652 de
302 1588 473 1674 asphodelo
493 1613 633 1668 carmen,
655 1591 763 1655 referri
786 1604 947 1675 putarent.
984 1593 1100 1678 Neque
1132 1654 1136 1685 ι

10 1711 13 1715 ·
93 1706 150 1750 vero
170 1678 323 1754 ratioirem
350 1691 457 1769 habet,
482 1691 664 1778 hujusmodi
686 1692 747 1755 alia
768 1692 896 1756 Hefiodi
920 1692 959 1756 de
982 1692 1100 1758 Hcrbic

10 1794 16 1805 “
92 1788 213 1855 exstitisse
227 1792 387 1855 carminat
410 1805 447 1856 ut
462 1816 531 1857 vere
548 1806 659 1856 monet
674 1792 834 1856 Fabricius
849 1791 932 1856 Bibl.
949 1795 1007 1857 Gr.
1022 1793 1099 1860 Vol.

93 1883 113 1946 l·
132 1894 245 1975 p.381.
291 1894 332 1956 Et
362 1893 480 1957 Plinius
508 1893 562 1957 illa
589 1916 627 1956 ex
653 1893 870 1979 Theophrasto
894 1894 990 1958 vertit
1017 1895 1098 1960 Hist.

10 1997 24 2007 “
93 1983 175 2054 Plant.
192 1995 266 2056 Vll.
285 2013 342 2057 12:
376 1993 423 2070 acri
442 1999 534 2081 γοὶςό
559 1993 698 2078 ἀνθέρικος
721 1994 844 2075 ἐδώδιμος
867 1995 1100 2083 ςαθευόμενοςμζ

11 2092 33 2153 ἶ.
91 2087 116 2146 tl
130 2093 232 2180 στέμμα
250 2096 426 2180 φρογὸμενον·
451 2097 566 2159 πάντων
585 2096 612 2157 δὲ
625 2096 739 2176 μάλιςοι
751 2103 766 2172 ἡ
780 2095 842 2178 ῥίζα
855 2100 928 2177 μετὰ
947 2098 1031 2160 ου’κιν·
1055 2098 1101 2171 ιω)

10 2195 34 2253 ,ζ
91 2192 225 2271 cuhar'
209 2223 296 2271 οιηοιν
319 2197 377 2282 ἔχει
399 2201 464 2260 καθ’
484 2198 624 2260 Ἡσίοδον.
662 2197 785 2261 Gellius
801 2199 927 2261 XVlll.
945 2217 975 2262 2.
1004 2200 1100 2264 Sexta

91 2295 199 2370 quatio
210 2297 284 2375 fuit,
298 2297 502 2382 asphodelum
517 2297 694 2383 cujusmodi
709 2298 856 2362 herbasrt
843 2299 969 2384 t,quod
986 2302 1098 2366 Heio·

14 2397 22 2415 “
91 2383 158 2453 dus
152 2417 179 2458 m
195 2396 250 2461 rllo
266 2397 355 2461 versu
371 2397 511 2483 posuent
525 2399 669 2475 Νηπιοικ
680 2413 752 2461 τ..λ
791 2398 953 2463 Caeterum
976 2399 1015 2463 ad
1034 2401 1098 2465 hu·

10 2481 130 2566 *jus
146 2494 247 2562 saltem
262 2497 538 2563 animadversionis
559 2498 802 2583 intelligentiam
828 2498 1013 2576 tenendum,
1028 2501 1097 2561 An·
1168 2530 1169 2534 ¹

10 2616 35 2659 ῦ
90 2587 207 2662 mcum
222 2597 287 2662 drct
302 2599 426 2663 caulem
443 2598 637 2684 Alphodeli;
662 2598 764 2661 Plrmo
781 2598 918 2662 docente
934 2599 1026 2661 XXI
1046 2617 1097 2682 17.

10 2726 32 2781 μ
90 2687 149 2758 XX.
163 2718 219 2764 22:
243 2713 278 2763 et
290 2699 402 2782 ἄλιμον,
419 2698 482 2762 olus
495 2700 683 2776 maritimum,
700 2699 848 2784 distingui
861 2700 929 2762 ab’
915 2697 1022 2784 οιλΙμῳ,
1037 2700 1098 2763 cibo

10 2830 28 2874 μ,
80 2787 175 2869 famem
198 2813 337 2863 arcente:
360 2813 396 2862 ut
422 2798 560 2863 distinxit
582 2801 648 2885 post
670 2799 748 2862 alios
771 2798 936 2863 Salmafius
960 2801 1098 2865 Exercit.

10 2924 20 2967 t
89 2891 151 2963 Plin.
168 2923 201 2987 p.
218 2921 288 2967 122.
311 2916 346 2965 et
361 2918 434 2984 772.
471 2901 557 2964 Hinc
580 2900 775 2964 occafioncm
800 2900 970 2966 festivitatis
995 2901 1099 2968 sumslt

12 3060 15 3065 .
87 2995 185 3066 Cicero
201 3005 261 3087 Ep.
277 3002 351 3067 Div.
367 3003 444 3065 Vll.
461 3004 499 3065 26
515 3027 522 3064 :
549 3001 596 3063 lex
604 3002 789 3087 sanctuario,
806 3027 873 3088 μνον
888 3002 1007 3064 videtur
1020 3005 1099 3067 λιτό-

83 3120 141 3172 ητοι
153 3103 292 3192 onulfi,
308 3128 343 3166 co
359 3103 430 3166 mihi
436 3103 553 3188 fraudi
563 3102 651 3187 fuit:
674 3127 744 3163 nom
759 3104 828 3165 dum
842 3102 949 3165 volunt
963 3101 1008 3188 isti
1022 3104 1100 3169 lauti

82 3211 147 3265 terra
162 3216 247 3282 nata,
263 3229 333 3291 quae
347 3205 411 3290 lege
425 3215 542 3290 excepta
553 3207 640 3289 sont,
656 3203 687 3264 in
700 3203 832 3265 honorem
848 3203 1004 3282 adducere,
1014 3205 1098 3290 fun·

76 3327 134 3387 gos,
154 3306 311 3386 belvcllos,
332 3306 437 3370 herbar
455 3328 548 3369 omnes
569 3305 611 3366 ita
631 3305 781 3380 condiunt,
801 3316 834 3366 ut
853 3303 932 3367 nihil
948 3304 1033 3390 poffit
1049 3308 1101 3391 effi

67 3407 199 3489 flavius.
223 3409 261 3471 ln
277 3432 326 3469 eas
340 3431 402 3469 cum
420 3406 577 3491 incidiffim
591 3406 622 3468 in
637 3429 718 3468 coeno
733 3404 876 3492 augurali
891 3408 974 3493 apud
985 3407 1100 3476 Lentue

73 3505 140 3586 lum,
156 3520 240 3571 tanta
256 3509 433 3594 ινιοδιοὶῤῥοιοι
448 3508 531 3592 cepit,
547 3519 580 3569 ut
595 3506 679 3568 bodie
694 3508 823 3593 primum
838 3507 980 3570 videatur
993 3510 1102 3596 coepiffl

72 3609 165 3695 corfist
130 3634 221 3674 r.ere
251 3611 300 3672 lto
315 3634 379 3695 ago,
386 3610 445 3772 Iqor'
461 3634 504 3672 me
518 3609 613 3693 ostreis
627 3621 655 3672 et
670 3611 797 3672 murenis
800 3609 899 3696 facile
911 3608 1100 3694 abstinebam,

69 3712 168 3776 aleta
183 3711 320 3775 atomo
319 3735 387 3774 oa
386 3713 436 3774 cc
427 3725 510 3797 ptus
520 3712 603 3795 sum

113 3832 183 3925 157.
199 3817 232 3879 F.
254 3814 319 3896 μέλι
340 3813 554 3898 aninrpc'rrncr
570 3810 665 3897 βαρέα
667 3814 752 3898 prtia]
780 3811 936 3876 Erudtttff
939 3835 1010 3875 mus
1032 3814 1098 3879 Ko-

67 3937 123 4001 ray
149 3915 179 3976 ln
204 3914 288 3978 notis
310 3913 348 3976 ad
375 3913 602 3998 Hippocratem
623 3914 724 3994 οιεμὶοι
705 3911 790 3999 ligur
777 3912 843 3991 v.§
861 3911 984 3975 XCIV.
1000 3913 1039 3977 T.
1054 3916 1099 3978 ll.

66 4038 101 4103 p.
115 4016 187 4098 285.
202 4015 309 4092 docet,
327 4012 497 4078 Plutarcho
520 4013 682 4099 fignificari
700 4013 772 4097 casei
794 4011 941 4075 barbarici
957 4015 1099 4100 appella·
