2700 4928
281 344 358 410 1092
468 337 507 397 D.
521 338 571 397 W.
592 336 800 397 ANIMADV.
819 337 868 397 IN
888 334 1130 396 PLUTARCHI

270 497 440 584 sponderet,
455 498 641 565 deliberaret.
667 500 830 574 Caeterum
844 499 878 564 in
892 498 999 563 nostro
1009 496 1087 561 loco
1100 493 1199 561 Harl.
1208 491 1313 560 omits

280 598 340 675 νύν,
356 594 412 660 dat
424 602 504 679 -μὴ
519 599 661 664 ἀποδώσει·
686 599 772 686 quod
788 599 967 686 praeferam.

327 698 398 761 186.
415 700 451 763 E.
474 698 520 784 εἲ]
549 702 642 765 Hanc
658 700 793 765 historiae
810 714 934 786 partem
953 697 1083 763 sortasse
1101 694 1223 772 librarii
1235 692 1309 761 omi·

282 798 389 863 serunt
407 799 439 863 in
462 801 539 865 Vita
558 801 733 866 Alcibiadis
754 823 787 886 p.
801 820 875 868 202.
889 802 933 865 D.
948 799 1005 865 ubi
1028 798 1181 884 proxima
1195 811 1308 861 tantum

281 916 353 983 pars
365 897 511 964 refertur.
533 903 580 965 At
591 902 738 966 AElianus
748 903 825 965 Var.
838 901 920 965 Hist.
933 901 1031 964 XIII.
1040 900 1097 984 38.
1110 897 1225 962 omnia
1236 897 1307 973 bnt,

281 1019 353 1083 quae
368 999 469 1064 tribus
483 1001 533 1064 his
555 1000 705 1087 deinceps
724 1001 865 1066 numeris
883 1000 1107 1078 continentur,
1126 998 1255 1064 retulit:
1272 1017 1307 1060 er

281 1119 346 1183 quo
361 1100 463 1163 noster
477 1100 566 1165 locus
582 1101 799 1166 emendandus
821 1103 875 1181 est,
899 1092 983 1181 ζητεῖν
1003 1105 1172 1184 ἀποφυγεῖν,
1187 1102 1244 1176 liin
1259 1115 1304 1178 φν·

281 1204 350 1283 γεῑν·
374 1199 420 1263 ita
434 1201 520 1265 enim
536 1201 601 1265 illic
615 1203 754 1290 legitur·
777 1203 866 1276 Ούτος
879 1203 921 1265 ἐπὶ
936 1201 1026 1288 κρύσιν
1040 1201 1214 1283 καλούμενος
1224 1204 1302 1263 θανο-

281 1300 873 1382 νιιηνικΣνιύελαςύπότῶνἈὲνννοιύοιν,
894 1296 1302 1387 amalmater-1331-

281 1403 374 1473 ὃες
345 1427 391 1464 τον
410 1401 513 1487 ἔχοντα
529 1402 602 1481 δίκην
623 1406 742 1484 ξητεῑν’
727 1409 885 1487 αποφογεῖν,
901 1406 955 1468 iria
968 1408 1075 1487 φινγοῑν.
1113 1402 1223 1467 Vertit
1240 1401 1300 1487 Xy·

283 1501 412 1568 lauder:
404 1503 492 1590 ·lstu
490 1517 552 1568 tum
574 1506 628 1618 effi:
649 1507 745 1569 diceus
770 1528 850 1568 reum
873 1504 937 1592 qui,
958 1528 1024 1568 cum
1034 1503 1155 1590 figere
1165 1502 1301 1590 judaia!

283 1605 381 1684 liceat,
398 1617 516 1691 quaerot
529 1607 580 1692 qui
594 1608 626 1668 in
640 1630 670 1668 co
650 1607 713 1694 se
728 1606 884 1693 defendat.
900 1607 1095 1692 postremum
1110 1604 1228 1668 rebilus
1239 1600 1299 1668 retl-

284 1705 390 1785 datur,
412 1719 530 1793 quaerot
548 1708 684 1794 quomodo
694 1708 810 1794 judicio
823 1706 904 1794 absol
903 1717 1007 1769 vatur.
1040 1706 1153 1770 Verba
1173 1706 1243 1770 sunt
1256 1703 1298 1768 so·

284 1806 382 1870 rensra
400 1807 517 1890 φεύγει,
533 1809 675 1895 accusari,
691 1807 862 1893 ἀποφεύγειν,
874 1807 990 1893 judicio
1003 1805 1124 1893 absolvi
1134 1831 1145 1869 .·
1167 1820 1203 1871 at
1221 1803 1298 1870 Alci-

282 1904 392 1971 biades
413 1906 550 1972 alterum
571 1908 731 1993 ἀποφεύγειν
756 1907 913 1972 intellexit
934 1906 1046 1971 sorensi
1069 1905 1297 1983 consuetudine,

139 2000 144 2006 ’
283 2020 318 2069 at
338 2013 430 2091 φυγεῖν
451 2007 615 2071 communi
640 2008 770 2072 notione
793 2004 968 2094 ffagimdi.
1012 2005 1109 2069 Plura
1132 2003 1296 2070 Perizonim
1338 2058 1340 2069 .

281 2106 305 2171 l.
318 2106 341 2170 I.
357 2122 390 2172 et
404 2109 519 2172 citatus
533 2110 573 2173 ab
588 2131 629 2173 eo
643 2108 825 2193 Leopardua
838 2105 974 2172 Emend.
990 2108 1084 2172 XIV.
1101 2123 1151 2190 15.

328 2211 400 2272 186.
414 2212 451 2271 E.
470 2208 506 2282 ς’.
523 2209 829 2292 Εἰπύννοςδ’τινος-]
856 2209 894 2271 In
908 2208 986 2272 Vita
999 2207 1223 2294 AlcibiatdIzP·
1235 2223 1294 2278 20&

280 2310 339 2375 D:
361 2309 436 2372 hinc
451 2309 598 2372 AElianus
613 2311 687 2374 Ver.
704 2310 785 2373 Hist.
800 2310 895 2373 XIII.
909 2308 965 2394 38.

326 2411 398 2473 186.
415 2413 450 2473 F.
474 2409 513 2491 ζ’.
535 2410 714 2484 Άιιούναδς·
703 2413 770 2495 ε-]
798 2412 881 2475 Item
901 2433 940 2474 ex
959 2410 1038 2475 Vita
1052 2409 1161 2476 Alcrb
1184 2432 1217 2497 p.
1232 2426 1292 2483 aot,

281 2511 325 2575 D.
350 2528 422 2594 203
438 2510 479 2573 Β·
503 2532 543 2572 ex
565 2509 718 2594 presente
739 2510 812 2574 loco
833 2509 939 2574 sumsit
961 2508 1111 2574 AElianue
1130 2510 1206 2574 Var.
1224 2507 1292 2572 His.

282 2614 378 2677 XIII.
393 2612 449 2696 383
475 2611 584 2697 attigit
602 2610 724 2674 dicium
741 2613 908 2698 Polyxenus
922 2612 948 2674 1.
963 2631 1018 2692 40.
1034 2615 1067 2677 6.
1103 2611 1190 2675 Nam
1205 2631 1250 2676 res
1262 2627 1292 2672 er

220 2786 224 2798 ‚
282 2714 421 2790 Historia
434 2728 520 2777 notae
534 2714 617 2778 sunt.
645 2715 738 2777 Forte
754 2726 860 2777 tamen
875 2712 1085 2790 monendum,
1101 2712 1290 2778 Lacedaemo·

282 2817 365 2894 nios,
386 2815 535 2879 suadente
556 2812 735 2891 Alcibiade,
755 2812 928 2878 Deceleam
947 2812 1068 2876 Atticae
1083 2812 1234 2899 oppidum
1244 2830 1290 2875 ot·

280 2917 403 3001 cupasse
414 2933 446 2980 et
462 2915 634 2996 munivisse,
646 2916 720 2979 inde
733 2915 837 3000 postea
848 2913 992 2977 Atticam
1007 2913 1164 2978 continuo
1173 2911 1288 2988 vexasset

280 3018 321 3080 de
343 3040 407 3102 quo
428 3017 633 3104 Thucydides
655 3018 732 3082 VII.
756 3035 807 3100 19.
830 3015 894 3102 seq.
936 3015 1037 3081 Corn.
1062 3016 1176 3103 Nepoe
1199 3014 1288 3081 Alcib.

326 3219 397 3281 186.
415 3220 450 3281 F.
473 3218 700 3300 AAMAxotr]
726 3215 901 3282 Alcibiadis
920 3239 996 3281 curn
1015 3217 1113 3282 Nicia
1131 3216 1164 3282 in
1178 3211 1291 3302 expedi«

282 3320 368 3384 tione
390 3318 539 3384 Siciliensi
563 3317 698 3402 collega,
721 3318 825 3403 magis
845 3332 882 3382 ut
899 3339 996 3400 manu
1020 3331 1054 3382 et
1076 3319 1185 3384 animo
1204 3315 1289 3389 sortis,

280 3443 376 3508 quam
399 3419 528 3505 ingenio
549 3417 738 3502 consilioque
759 3419 864 3503 sagax,
880 3419 1002 3496 sertur3
1027 3419 1130 3505 igitur
1151 3443 1209 3486 nec
1227 3440 1290 3503 apo·

281 3522 493 3610 phthegmata
515 3540 574 3582 nec
595 3519 817 3605 strategemata
838 3519 907 3606 ejus
928 3541 1127 3606 magnopere
1149 3522 1235 3585 fuisse
1254 3517 1292 3580 vi·

281 3624 417 3689 dentur:
446 3635 532 3687 certe
554 3643 618 3683 non
642 3634 868 3685 memorantur.
905 3620 1067 3686 Plutarchi
1091 3621 1180 3689 hunc
1201 3623 1293 3689 locum

281 3728 343 3792 fine
356 3723 425 3811 ejus
439 3722 579 3799 nomine,
592 3735 631 3784 ut
645 3721 776 3800 multos,
787 3720 945 3806 descripsit
959 3723 1110 3787 Stobaeus
1124 3724 1230 3789 Floril.
1241 3721 1295 3788 Tr.
1337 3776 1340 3793 ,

280 3829 357 3894 LII.
380 3848 413 3911 p.
429 3828 512 3910 365:
540 3823 682 3908 Λάμαχος
696 3823 811 3903 ἐπετίμα
824 3824 875 3886 τινὶ
891 3831 944 3885 τῶν
958 3832 1097 3909 λοχαγῶν
1112 3827 1295 3914 ἁμαρτάνοντι·
1338 3822 1340 3829 ’

278 3938 328 3994 τοῦ
342 3931 369 3992 δὲ
383 3930 526 4007 φήσαντος,
536 3923 635 4006 μηκέτι
646 3930 725 3987 τοῦτο
739 3925 876 4001 ποιήσειν,
891 3927 954 3986 Ούκ
969 3924 1035 4004 ἔςιν,
1050 3924 1136 4006 εἶπεν,
1150 3932 1177 3991 ἓν
1190 3927 1298 4010 vetitae

280 4030 317 4102 δὶς
331 4028 505 4112 ἁμαρτάνει.
534 4022 646 4088 Iisdem
659 4023 760 4086 verbis
774 4023 882 4087 retulit
894 4023 927 4086 S.
936 4025 1102 4090 Antonius
1117 4027 1150 4091 in
1163 4031 1297 4094 Sentent.

277 4149 311 4213 p.
329 4131 402 4194 268.
439 4130 513 4192 Hoc
535 4123 688 4189 Lamachi
706 4124 827 4187 dietum
841 4123 874 4187 in
893 4125 1066 4190 Proverbiis
1088 4129 1197 4213 posuit
1217 4128 1299 4196 Eus-

277 4248 351 4293 mua
370 4251 402 4315 p.
421 4244 514 4317 1095.
529 4239 563 4293 et
576 4225 729 4292 Schottue
743 4227 938 4294 inPruverb.
953 4229 1088 4295 Metric.
1104 4250 1180 4319 232.
