2700 4928
175 287 255 339 1050
362 278 401 337 D.
414 279 465 338 W.
485 278 693 338 ANIMADV.
712 277 761 337 IN
780 268 1017 339 Pturnnc'nr

219 456 290 525 175.
305 441 344 505 B.
367 442 559 509 ΙΕΡΩΝΟΣ.
581 442 635 528 β’.]
662 440 775 506 lisdem
797 441 901 508 verbis
923 428 1048 527 legitur
1067 439 1098 506 in
1120 443 1186 507 Seu·

172 542 281 607 tentiis
305 544 339 607 S.
360 543 496 607 Maximi
520 559 553 608 et
574 546 608 608 S.
627 543 762 607 Antonii
782 542 861 608 edit.
883 544 977 608 Stob.
992 543 1138 610 Wechel.
1160 565 1185 628 p.

171 644 246 729 388.
284 646 328 708 ln
346 645 577 710 construdiione
601 653 734 726 μισοῦμεν
760 649 830 732 γὰρ,
855 643 1070 732 intelligenda
1093 647 1132 710 est
1150 642 1185 708 rel

172 745 294 830 Ellipfis
314 746 402 809 verbi
430 746 488 827 ἔφη,
514 747 563 811 vel
587 746 698 830 λέγωοο
729 746 777 810 vel
799 747 936 832 potestas
961 747 1123 833 particule
1141 753 1185 832 γδοῑ

172 844 306 910 citatum
321 846 428 910 locum
443 847 664 934 significantis:
687 847 727 911 de
742 847 794 910 illa
808 845 948 912 diximus
963 847 1005 911 od
1018 849 1087 913 Ser.
1103 849 1185 912 Num.

171 946 269 1012 Vind.
292 947 346 1011 fin.
369 970 403 1034 p.
418 951 495 1033 567.
515 951 558 1012 F:
584 947 624 1012 de
646 949 707 1012 hac
729 969 762 1032 p.
776 964 830 1032 37.
847 949 883 1012 F.
909 965 984 1033 115.
999 950 1037 1013 F.

216 1064 288 1133 175.
303 1049 342 1112 B.
364 1049 424 1133 72]
448 1051 639 1114 Notavimus
653 1071 687 1135 p.
703 1069 754 1133 90.
770 1049 808 1113 Β.

216 1167 288 1235 175.
305 1151 345 1215 C.
368 1150 400 1214 ἴ.
424 1154 499 1238 Πρὸς
520 1153 546 1214 δὲ
569 1150 774 1235 ineptiam-4
801 1148 916 1213 lisdem
941 1149 1008 1214 fere
1029 1151 1130 1216 verbis
1147 1173 1184 1214 re·

170 1251 271 1315 fertur
289 1252 321 1316 in
336 1252 508 1316 Sententiis
532 1254 566 1317 S.
585 1248 720 1316 Maximi
741 1265 775 1314 et
794 1252 827 1314 S.
842 1250 993 1329 Antonii,
1014 1251 1094 1316 edit.
1112 1254 1183 1317 Stob.

161 1351 322 1417 Wechel.
346 1374 378 1438 p.
395 1356 479 1436 706:
503 1353 588 1417 unde
611 1351 715 1416 sumsit
737 1372 865 1437 quoque
886 1351 965 1416 Joh.
984 1352 1185 1418 Damascenis

172 1452 204 1516 in
232 1454 390 1518 parallelis
414 1456 510 1519 MSS.
530 1454 619 1540 Ἱέρων
640 1460 653 1515 ὁ
673 1451 807 1525 Σικελίας
830 1451 957 1535 τύραννος
979 1454 1133 1537 &mephres
1150 1460 1184 1518 tri

173 1555 333 1633 Κολοφωοῐε
345 1564 462 1633 ποιητοῦ
476 1555 619 1640 γεγονότος
633 1552 759 1638 Ὅμηρον
783 1551 877 1632 (adde
896 1553 1047 1637 ψέγοντος)
1071 1555 1184 1642 liptinas

170 1657 254 1718 αὐτὸν
273 1656 368 1729 πόσος
390 1656 496 1729 οἰκέτας
518 1655 599 1742 ἴχεος·
629 1662 677 1717 τοῦ
696 1656 722 1715 δὲ
742 1654 857 1726 εἰπόντος
879 1653 936 1732 δύο,
958 1655 981 1741 ’8
1002 1657 1102 1731 sorites
1119 1658 1183 1740 pipi

170 1754 285 1841 τρέφειν.
320 1760 383 1819 Οὐκ
398 1759 510 1843 alpini,
530 1756 588 1838 ἔφη,
598 1754 723 1841 ’Όμηρον
736 1754 845 1838 ψέγων,
859 1752 887 1827 ὃς
899 1758 1095 1843 μετηλλαχὼς
1107 1758 1182 1830 sadai

169 1855 304 1945 ἧμοςὶες
325 1858 423 1945 τρέφε.
461 1860 693 1945 Xenophanem
716 1858 756 1922 de
780 1861 924 1923 Homero
944 1859 1079 1947 aliisque
1096 1860 1182 1947 poetis

171 1956 254 2020 male
281 1958 386 2021 dixiffe
409 1961 529 2024 constat
551 1983 589 2025 ex
612 1960 760 2046 Diogene
782 1962 887 2024 laert.
916 1962 961 2024 ll.
980 1962 1037 2042 48.
1064 1963 1123 2026 lx.
1145 1959 1182 2023 18.

171 2056 329 2122 Plutarchi
346 2063 471 2145 Pragm.
488 2061 707 2125 Commentar.
724 2059 941 2125 Hefiod.v11.
964 2063 1065 2127 Sexto
1078 2060 1181 2148 Empir.

169 2158 252 2222 Adv.
275 2161 435 2224 Mathem.
453 2164 511 2225 lX.
536 2182 607 2248 193.
644 2163 680 2225 ln
698 2162 788 2226 fimili
802 2162 905 2226 caussa
920 2162 1130 2227 Ptolemaeum
1141 2183 1180 2226 re·

167 2282 243 2346 gem
266 2261 310 2324 ita
332 2261 422 2326 Zoilo
445 2263 629 2348 respondisse
654 2278 758 2327 narrat
780 2263 946 2328 Vitruvius
965 2265 1046 2330 Vll.
1070 2264 1179 2330 Proelot.

166 2383 200 2447 p.
218 2381 297 2442 1242
320 2362 422 2425 Zoilus
445 2376 554 2443 autem,
576 2387 641 2427 cum
664 2365 777 2428 diutius
798 2365 829 2427 οόι
849 2388 940 2452 regno
950 2365 1074 2452 ῥιψὶ,
1098 2365 1180 2453 inopia
1222 2404 1224 2419 ι

164 2464 273 2551 preffns
287 2464 433 2552 summiſst
455 2467 498 2528 od
519 2489 627 2551 regem,
650 2465 799 2552 postulans
819 2479 854 2530 ut
874 2467 994 2554 aliquid
1011 2469 1077 2554 fibi
1095 2469 1177 2532 tribu-

165 2579 273 2630 eretur.
301 2566 365 2630 Rex
378 2590 448 2630 vero
464 2568 634 2654 respondiffe
648 2569 774 2632 dicitur:
802 2570 971 2649 Homerum,
986 2573 1040 2660 qui
1054 2585 1121 2636 ante
1131 2595 1177 2634 οο·

164 2695 215 2735 nos
230 2668 311 2733 mille
324 2668 484 2755 deceffiffet,
499 2694 566 2733 aevo
583 2683 717 2756 perpetuo
732 2670 826 2734 multa
842 2670 939 2734 millia
958 2675 1105 2737 hominum
1118 2671 1175 2763 pa]-

164 2798 247 2837 cere:
274 2774 341 2836 item
363 2772 476 2852 debere,
498 2777 549 2860 qui
576 2771 689 2835 meliore
715 2771 833 2857 iugenio
852 2773 890 2858 sc
913 2774 1112 2862 profiteretur,
1131 2794 1176 2837 οοο
1222 2856 1224 2871 Ι

163 2876 246 2937 modo
259 2899 362 2953 unum,
374 2875 435 2958 sed
449 2875 537 2937 etiam
550 2873 652 2960 plures
665 2872 744 2935 olere
759 2874 843 2959 poste.

208 2991 279 3057 175.
297 2976 336 3038 C.
358 2973 390 3036 ε’.
410 2975 642 3060 Ἐπίχαρμον-]
676 2973 804 3037 Constat
827 2973 1006 3039 Hieronem
1030 2975 1172 3041 literarum

161 3089 323 3138 amantem
343 3095 381 3137 ac
404 3074 513 3139 dottos
532 3075 677 3139 homines
696 3074 832 3138 libenter
846 3075 968 3139 circum
984 3075 1015 3143 se
1031 3074 1171 3145 habuilie:

161 3176 194 3240 in
216 3176 265 3238 his
285 3176 318 3239 in
338 3175 447 3261 primis
468 3177 567 3240 fertur
583 3175 763 3240 Simonides
780 3199 818 3241 ex
831 3175 1059 3262 Xenophontis
1072 3181 1172 3245 Hiero·

162 3299 214 3355 ne,
232 3277 369 3341 Platonis
383 3280 441 3362 Ep.
459 3279 503 3340 ll.
525 3298 556 3362 p.
570 3279 644 3359 706.
662 3277 710 3341 C:
733 3277 811 3342 alios
825 3295 995 3359 memorat,
1016 3281 1106 3347 fimul
1119 3281 1171 3348 ltu·

161 3380 240 3444 dans
258 3377 410 3442 Hieronis
427 3400 504 3465 erga
519 3378 676 3442 doetrinae
691 3379 862 3465 doctosque
877 3379 1027 3448 homines
1041 3383 1170 3458 studium,

160 3480 307 3549 AElianus
325 3480 401 3542 Var.
418 3478 499 3542 Hist.
516 3480 575 3542 lV.
594 3498 643 3563 15.
668 3481 727 3542 IX.
746 3500 782 3544 1:
806 3480 898 3567 cujus
912 3481 944 3544 in
961 3481 1025 3547 hac
1044 3509 1078 3550 re
1093 3485 1171 3550 tidem

159 3594 192 3647 et
206 3578 356 3645 Hieronis
368 3577 495 3642 laudem
510 3579 594 3643 redte
610 3593 720 3643 tuetur
734 3581 851 3645 Baelius
865 3581 897 3645 in
911 3582 1093 3651 Dillionar.
1105 3584 1171 3652 Hill·

160 3683 242 3749 crit.
266 3702 342 3745 voce
364 3679 488 3744 Hieron.
515 3680 702 3746 Plutarchus
724 3683 808 3748 Adv.
829 3684 959 3769 Epicur.
982 3708 1018 3772 p.
1036 3705 1128 3775 1095.
1144 3685 1173 3751 C·

157 3805 232 3847 eum
258 3781 302 3846 ita
323 3802 398 3844 cum
423 3780 490 3844 aliis
511 3781 622 3844 eadem
645 3781 739 3847 laude
762 3784 928 3848 celebratis
953 3787 1085 3872 regibus
1106 3810 1175 3853 oon·

151 3879 275 3969 jungit,
296 3896 333 3946 ut
354 3903 417 3944 non
440 3880 636 3945 Simonidem
660 3882 772 3962 solum,
794 3882 963 3948 sedetiam
987 3887 1176 3975 Melanippi·

156 3982 230 4047 dem
252 3983 285 4046 in
301 3980 370 4068 ejus
389 3980 614 4045 consuetudine
633 3982 721 4046 fuisse
740 3984 911 4070 fignifioare
927 3985 1085 4054 videatur.
1105 3988 1177 4074 Epi·

156 4083 323 4148 charmum
340 4098 377 4146 ut
395 4083 528 4147 Hieroni
550 4082 735 4149 familiarem
756 4086 897 4172 prodidit
919 4088 1111 4157 Plutarchus
1131 4094 1178 4158 De

154 4183 298 4252 Discern.
313 4183 413 4250 Adul.
428 4184 559 4248 11111111.
583 4207 617 4271 p.
630 4186 684 4253 68.
699 4188 742 4250 A.
763 4187 818 4252 ubi
833 4185 973 4275 ejusdem
988 4192 1112 4258 notitiae
1128 4207 1175 4258 te·

302 4502 440 4552 A
