<?xml version="1.0" encoding="UTF-8"?>
<!DOCTYPE html PUBLIC "-//W3C//DTD XHTML 1.0 Transitional//EN"
    "http://www.w3.org/TR/xhtml1/DTD/xhtml1-transitional.dtd">
<html xmlns="http://www.w3.org/1999/xhtml" xml:lang="en" lang="en">
 <head>
  <title>
</title>
<meta http-equiv="Content-Type" content="text/html;charset=utf-8" />
  <meta name='ocr-system' content='tesseract 3.04.00' />
  <meta name='ocr-capabilities' content='ocr_page ocr_carea ocr_par ocr_line ocrx_word'/>
</head>
<body>
  <div class='ocr_page' id='page_1' title='image "./plutarchichaero28plutgoog_0501.png"; bbox 0 0 2700 4928; ppageno 0'>
   <div class='ocr_carea' id='block_1_1' title="bbox 266 376 1117 458">
    <p class='ocr_par' dir='ltr' id='par_1_1' title="bbox 266 376 1117 458">
     <span class='ocr_line' id='line_1_1' title="bbox 266 376 1117 458; baseline 0.001 -19"><span class='ocrx_word' id='word_1_1' title='bbox 266 376 923 458; x_wconf 77' lang='lat' dir='ltr'><strong>APOPHTH.REG.ETDUc.p.183.A.</strong></span> <span class='ocrx_word' id='word_1_2' title='bbox 1040 386 1117 454; x_wconf 77' lang='lat'>1079</span> 
     </span>
    </p>
   </div>
   <div class='ocr_carea' id='block_1_2' title="bbox 61 539 1199 4434">
    <p class='ocr_par' dir='ltr' id='par_1_2' title="bbox 64 539 1128 3682">
     <span class='ocr_line' id='line_1_2' title="bbox 76 539 1114 632; baseline 0.003 -26"><span class='ocrx_word' id='word_1_3' title='bbox 76 544 103 581; x_wconf 84' lang='lat'>“</span> <span class='ocrx_word' id='word_1_4' title='bbox 116 539 234 629; x_wconf 70' lang='grc' dir='ltr'><strong><em>γςᾶφαιι</em></strong></span> <span class='ocrx_word' id='word_1_5' title='bbox 264 542 405 630; x_wconf 69' lang='grc' dir='ltr'><strong><em>γόγγρους</em></strong></span> <span class='ocrx_word' id='word_1_6' title='bbox 434 541 566 621; x_wconf 44' lang='lat' dir='ltr'>Moerus</span> <span class='ocrx_word' id='word_1_7' title='bbox 594 546 713 632; x_wconf 77' lang='grc' dir='ltr'><strong><em>κᾴκιῐιος</em></strong></span> <span class='ocrx_word' id='word_1_8' title='bbox 736 547 765 608; x_wconf 83' lang='grc' dir='ltr'>οὔ</span> <span class='ocrx_word' id='word_1_9' title='bbox 789 543 911 627; x_wconf 72' lang='grc' dir='ltr'>φαύλοις,</span> <span class='ocrx_word' id='word_1_10' title='bbox 935 543 982 612; x_wconf 81' lang='grc' dir='ltr'>Σὺ</span> <span class='ocrx_word' id='word_1_11' title='bbox 1008 543 1030 607; x_wconf 65' lang='grc' dir='ltr'>δ’</span> <span class='ocrx_word' id='word_1_12' title='bbox 1054 541 1114 625; x_wconf 68' lang='lat' dir='ltr'>ola,</span> 
     </span>
     <span class='ocr_line' id='line_1_3' title="bbox 75 643 1112 736; baseline 0.003 -28"><span class='ocrx_word' id='word_1_13' title='bbox 75 648 103 684; x_wconf 89' lang='lat'>“</span> <span class='ocrx_word' id='word_1_14' title='bbox 119 643 213 727; x_wconf 73' lang='grc' dir='ltr'><strong><em>ἔφησι,</em></strong></span> <span class='ocrx_word' id='word_1_15' title='bbox 227 646 274 709; x_wconf 71' lang='grc' dir='ltr'>τοι</span> <span class='ocrx_word' id='word_1_16' title='bbox 291 643 491 732; x_wconf 75' lang='grc' dir='ltr'><strong><em>’Λγαμέμιονα</em></strong></span> <span class='ocrx_word' id='word_1_17' title='bbox 511 650 562 722; x_wconf 75' lang='grc' dir='ltr'><strong><em>τοὶς</em></strong></span> <span class='ocrx_word' id='word_1_18' title='bbox 583 647 702 736; x_wconf 69' lang='grc' dir='ltr'><strong><em>πράξεις</em></strong></span> <span class='ocrx_word' id='word_1_19' title='bbox 715 645 815 723; x_wconf 65' lang='lat' dir='ltr'>inritas</span> <span class='ocrx_word' id='word_1_20' title='bbox 834 646 1002 734; x_wconf 72' lang='grc' dir='ltr'><strong><em>ἔργᾶσοιθοις</em></strong></span> <span class='ocrx_word' id='word_1_21' title='bbox 1014 659 1112 711; x_wconf 70' lang='grc' dir='ltr'><strong><em>πολι·</em></strong></span> 
     </span>
     <span class='ocr_line' id='line_1_4' title="bbox 73 747 1114 839; baseline 0.006 -30"><span class='ocrx_word' id='word_1_22' title='bbox 73 750 102 787; x_wconf 83' lang='grc'><strong>“</strong></span> <span class='ocrx_word' id='word_1_23' title='bbox 114 754 329 835; x_wconf 72' lang='grc' dir='ltr'><strong><em>πραγμοιοῦιιτα</em></strong></span> <span class='ocrx_word' id='word_1_24' title='bbox 350 747 392 822; x_wconf 67' lang='grc' dir='ltr'>τίς</span> <span class='ocrx_word' id='word_1_25' title='bbox 415 753 442 812; x_wconf 79' lang='grc' dir='ltr'>ἐι</span> <span class='ocrx_word' id='word_1_26' title='bbox 463 755 504 835; x_wconf 76' lang='grc' dir='ltr'>τῷ</span> <span class='ocrx_word' id='word_1_27' title='bbox 525 748 683 839; x_wconf 69' lang='grc' dir='ltr'>ςςοτοπέδῳ</span> <span class='ocrx_word' id='word_1_28' title='bbox 703 749 818 837; x_wconf 74' lang='grc' dir='ltr'><strong><em>γὸγῙρον</em></strong></span> <span class='ocrx_word' id='word_1_29' title='bbox 839 749 926 828; x_wconf 57' lang='lat' dir='ltr'>idei?</span> <span class='ocrx_word' id='word_1_30' title='bbox 962 747 1054 813; x_wconf 89' lang='lat' dir='ltr'><strong>Idem</strong></span> <span class='ocrx_word' id='word_1_31' title='bbox 1074 768 1114 815; x_wconf 77' lang='lat' dir='ltr'>ex</span> 
     </span>
     <span class='ocr_line' id='line_1_5' title="bbox 74 848 1112 942; baseline 0.003 -25"><span class='ocrx_word' id='word_1_32' title='bbox 74 848 288 939; x_wconf 79' lang='lat' dir='ltr'>Hegesandro</span> <span class='ocrx_word' id='word_1_33' title='bbox 307 851 418 917; x_wconf 89' lang='lat' dir='ltr'>iisdem</span> <span class='ocrx_word' id='word_1_34' title='bbox 440 852 506 919; x_wconf 89' lang='lat' dir='ltr'>sere</span> <span class='ocrx_word' id='word_1_35' title='bbox 524 852 626 919; x_wconf 87' lang='lat' dir='ltr'>verbis</span> <span class='ocrx_word' id='word_1_36' title='bbox 645 854 742 920; x_wconf 83' lang='lat' dir='ltr'>refert</span> <span class='ocrx_word' id='word_1_37' title='bbox 762 852 943 920; x_wconf 80' lang='lat' dir='ltr'>Athenaeue</span> <span class='ocrx_word' id='word_1_38' title='bbox 958 854 1054 920; x_wconf 91' lang='lat' dir='ltr'>Vlll.</span> <span class='ocrx_word' id='word_1_39' title='bbox 1077 874 1112 942; x_wconf 89' lang='lat' dir='ltr'>p.</span> 
     </span>
     <span class='ocr_line' id='line_1_6' title="bbox 72 953 1111 1044; baseline 0.004 -25"><span class='ocrx_word' id='word_1_40' title='bbox 72 972 152 1040; x_wconf 84' lang='lat'><strong>340.</strong></span> <span class='ocrx_word' id='word_1_41' title='bbox 174 956 209 1019; x_wconf 74' lang='lat' dir='ltr'>l’.</span> <span class='ocrx_word' id='word_1_42' title='bbox 244 953 450 1042; x_wconf 86' lang='lat' dir='ltr'>Antigonum</span> <span class='ocrx_word' id='word_1_43' title='bbox 473 954 560 1020; x_wconf 91' lang='lat' dir='ltr'>hunc</span> <span class='ocrx_word' id='word_1_44' title='bbox 581 956 757 1044; x_wconf 82' lang='lat' dir='ltr'>Antagorae</span> <span class='ocrx_word' id='word_1_45' title='bbox 780 955 962 1037; x_wconf 86' lang='lat' dir='ltr'>studiosum,</span> <span class='ocrx_word' id='word_1_46' title='bbox 983 977 1050 1022; x_wconf 90' lang='lat' dir='ltr'>non</span> <span class='ocrx_word' id='word_1_47' title='bbox 1069 954 1111 1023; x_wconf 90' lang='lat' dir='ltr'>il·</span> 
     </span>
     <span class='ocr_line' id='line_1_7' title="bbox 71 1054 1112 1147; baseline 0.001 -26"><span class='ocrx_word' id='word_1_48' title='bbox 71 1054 144 1121; x_wconf 89' lang='lat' dir='ltr'>lum</span> <span class='ocrx_word' id='word_1_49' title='bbox 157 1056 287 1145; x_wconf 80' lang='lat' dir='ltr'>primum</span> <span class='ocrx_word' id='word_1_50' title='bbox 301 1056 394 1145; x_wconf 81' lang='lat' dir='ltr'>cujus</span> <span class='ocrx_word' id='word_1_51' title='bbox 416 1056 449 1121; x_wconf 91' lang='lat' dir='ltr'>in</span> <span class='ocrx_word' id='word_1_52' title='bbox 471 1057 534 1122; x_wconf 87' lang='lat' dir='ltr'>hoc</span> <span class='ocrx_word' id='word_1_53' title='bbox 553 1056 658 1144; x_wconf 81' lang='lat' dir='ltr'>capite</span> <span class='ocrx_word' id='word_1_54' title='bbox 671 1058 946 1147; x_wconf 82' lang='lat' dir='ltr'>apophthegmata</span> <span class='ocrx_word' id='word_1_55' title='bbox 965 1057 1112 1144; x_wconf 91' lang='lat' dir='ltr'>produn·</span> 
     </span>
     <span class='ocr_line' id='line_1_8' title="bbox 73 1158 1111 1248; baseline 0.002 -24"><span class='ocrx_word' id='word_1_56' title='bbox 73 1170 142 1239; x_wconf 86' lang='lat' dir='ltr'>tur,</span> <span class='ocrx_word' id='word_1_57' title='bbox 156 1158 209 1225; x_wconf 90' lang='lat' dir='ltr'>sed</span> <span class='ocrx_word' id='word_1_58' title='bbox 222 1158 293 1248; x_wconf 82' lang='lat' dir='ltr'>ejus</span> <span class='ocrx_word' id='word_1_59' title='bbox 312 1182 351 1224; x_wconf 83' lang='lat' dir='ltr'>ex</span> <span class='ocrx_word' id='word_1_60' title='bbox 365 1158 533 1224; x_wconf 84' lang='lat' dir='ltr'>Demetrio</span> <span class='ocrx_word' id='word_1_61' title='bbox 548 1159 614 1224; x_wconf 86' lang='lat' dir='ltr'>silio</span> <span class='ocrx_word' id='word_1_62' title='bbox 628 1174 793 1248; x_wconf 88' lang='lat' dir='ltr'>nepotem,</span> <span class='ocrx_word' id='word_1_63' title='bbox 814 1158 1020 1248; x_wconf 81' lang='lat' dir='ltr'>Antigonum</span> <span class='ocrx_word' id='word_1_64' title='bbox 1041 1160 1111 1227; x_wconf 91' lang='lat' dir='ltr'>Go-</span> 
     </span>
     <span class='ocr_line' id='line_1_9' title="bbox 73 1260 1111 1341; baseline 0.003 -15"><span class='ocrx_word' id='word_1_65' title='bbox 73 1273 198 1341; x_wconf 65' lang='lat' dir='ltr'>nnum,</span> <span class='ocrx_word' id='word_1_66' title='bbox 222 1261 312 1327; x_wconf 79' lang='lat' dir='ltr'>fuisse</span> <span class='ocrx_word' id='word_1_67' title='bbox 332 1262 500 1328; x_wconf 85' lang='lat' dir='ltr'>contendit</span> <span class='ocrx_word' id='word_1_68' title='bbox 521 1263 591 1327; x_wconf 86' lang='lat' dir='ltr'>Jac.</span> <span class='ocrx_word' id='word_1_69' title='bbox 614 1262 798 1329; x_wconf 87' lang='lat' dir='ltr'>Perizonius</span> <span class='ocrx_word' id='word_1_70' title='bbox 822 1261 864 1327; x_wconf 82' lang='lat' dir='ltr'>ad</span> <span class='ocrx_word' id='word_1_71' title='bbox 889 1260 1010 1328; x_wconf 86' lang='lat' dir='ltr'>AEliani</span> <span class='ocrx_word' id='word_1_72' title='bbox 1033 1262 1111 1330; x_wconf 83' lang='lat' dir='ltr'>Var.</span> 
     </span>
     <span class='ocr_line' id='line_1_10' title="bbox 73 1362 1111 1454; baseline 0.001 -26"><span class='ocrx_word' id='word_1_73' title='bbox 73 1363 159 1429; x_wconf 86' lang='lat' dir='ltr'>Hist.</span> <span class='ocrx_word' id='word_1_74' title='bbox 177 1366 269 1430; x_wconf 85' lang='lat' dir='ltr'><strong>XIV.</strong></span> <span class='ocrx_word' id='word_1_75' title='bbox 285 1368 338 1433; x_wconf 81' lang='lat'>26.</span> <span class='ocrx_word' id='word_1_76' title='bbox 353 1367 440 1454; x_wconf 91' lang='lat' dir='ltr'>quod</span> <span class='ocrx_word' id='word_1_77' title='bbox 457 1365 502 1432; x_wconf 92' lang='lat' dir='ltr'>ibi</span> <span class='ocrx_word' id='word_1_78' title='bbox 524 1365 719 1431; x_wconf 83' lang='lat' dir='ltr'>Arcesilaum</span> <span class='ocrx_word' id='word_1_79' title='bbox 735 1364 919 1453; x_wconf 73' lang='lat' dir='ltr'>Aptagoras</span> <span class='ocrx_word' id='word_1_80' title='bbox 932 1362 1111 1437; x_wconf 65' lang='lat' dir='ltr'>maledictio</span> 
     </span>
     <span class='ocr_line' id='line_1_11' title="bbox 70 1465 1110 1557; baseline 0.003 -27"><span class='ocrx_word' id='word_1_81' title='bbox 70 1465 214 1554; x_wconf 70' lang='lat' dir='ltr'>petivisse</span> <span class='ocrx_word' id='word_1_82' title='bbox 238 1467 374 1533; x_wconf 81' lang='lat' dir='ltr'>dicatur.</span> <span class='ocrx_word' id='word_1_83' title='bbox 417 1467 521 1557; x_wconf 83' lang='lat' dir='ltr'>Atqui</span> <span class='ocrx_word' id='word_1_84' title='bbox 542 1466 717 1533; x_wconf 92' lang='lat' dir='ltr'>secundum</span> <span class='ocrx_word' id='word_1_85' title='bbox 742 1479 925 1554; x_wconf 89' lang='lat' dir='ltr'>temporum</span> <span class='ocrx_word' id='word_1_86' title='bbox 952 1465 1110 1533; x_wconf 84' lang='lat' dir='ltr'>rationem</span> 
     </span>
     <span class='ocr_line' id='line_1_12' title="bbox 71 1566 1110 1659; baseline 0.004 -28"><span class='ocrx_word' id='word_1_87' title='bbox 71 1566 184 1655; x_wconf 88' lang='lat' dir='ltr'>potuit</span> <span class='ocrx_word' id='word_1_88' title='bbox 203 1584 236 1634; x_wconf 87' lang='lat' dir='ltr'>et</span> <span class='ocrx_word' id='word_1_89' title='bbox 258 1570 442 1659; x_wconf 82' lang='lat' dir='ltr'>Antagoras</span> <span class='ocrx_word' id='word_1_90' title='bbox 463 1584 498 1635; x_wconf 90' lang='lat' dir='ltr'>et</span> <span class='ocrx_word' id='word_1_91' title='bbox 512 1568 688 1634; x_wconf 78' lang='lat' dir='ltr'>Arcesilaus</span> <span class='ocrx_word' id='word_1_92' title='bbox 710 1581 846 1656; x_wconf 88' lang='lat' dir='ltr'>utroque</span> <span class='ocrx_word' id='word_1_93' title='bbox 865 1568 921 1633; x_wconf 92' lang='lat' dir='ltr'>sub</span> <span class='ocrx_word' id='word_1_94' title='bbox 939 1567 1110 1656; x_wconf 84' lang='lat' dir='ltr'>Antigono</span> 
     </span>
     <span class='ocr_line' id='line_1_13' title="bbox 70 1667 1110 1759; baseline 0.002 -24"><span class='ocrx_word' id='word_1_95' title='bbox 70 1668 229 1750; x_wconf 80' lang='lat' dir='ltr'>flomiffe3</span> <span class='ocrx_word' id='word_1_96' title='bbox 254 1670 405 1759; x_wconf 82' lang='lat' dir='ltr'>siquidem</span> <span class='ocrx_word' id='word_1_97' title='bbox 426 1672 510 1737; x_wconf 90' lang='lat' dir='ltr'>inter</span> <span class='ocrx_word' id='word_1_98' title='bbox 530 1669 627 1758; x_wconf 88' lang='lat' dir='ltr'>primi</span> <span class='ocrx_word' id='word_1_99' title='bbox 639 1669 766 1736; x_wconf 86' lang='lat' dir='ltr'>obitum</span> <span class='ocrx_word' id='word_1_100' title='bbox 781 1684 815 1735; x_wconf 93' lang='lat' dir='ltr'>et</span> <span class='ocrx_word' id='word_1_101' title='bbox 829 1671 966 1735; x_wconf 80' lang='lat' dir='ltr'>Gonatae</span> <span class='ocrx_word' id='word_1_102' title='bbox 981 1667 1110 1737; x_wconf 88' lang='lat' dir='ltr'>initium</span> 
     </span>
     <span class='ocr_line' id='line_1_14' title="bbox 70 1770 1110 1861; baseline 0.004 -25"><span class='ocrx_word' id='word_1_103' title='bbox 70 1771 243 1859; x_wconf 80' lang='lat' dir='ltr'>regnandi,</span> <span class='ocrx_word' id='word_1_104' title='bbox 256 1788 342 1838; x_wconf 90' lang='lat' dir='ltr'>certe</span> <span class='ocrx_word' id='word_1_105' title='bbox 356 1772 545 1861; x_wconf 85' lang='lat' dir='ltr'>imperandi,</span> <span class='ocrx_word' id='word_1_106' title='bbox 561 1795 625 1838; x_wconf 92' lang='lat' dir='ltr'>non</span> <span class='ocrx_word' id='word_1_107' title='bbox 649 1772 703 1837; x_wconf 88' lang='lat' dir='ltr'>nisi</span> <span class='ocrx_word' id='word_1_108' title='bbox 721 1771 833 1838; x_wconf 90' lang='lat' dir='ltr'>decern</span> <span class='ocrx_word' id='word_1_109' title='bbox 851 1771 926 1836; x_wconf 82' lang='lat' dir='ltr'>anni</span> <span class='ocrx_word' id='word_1_110' title='bbox 940 1770 1110 1859; x_wconf 82' lang='lat' dir='ltr'>intersunt.</span> 
     </span>
     <span class='ocr_line' id='line_1_15' title="bbox 71 1873 1111 1964; baseline 0.004 -25"><span class='ocrx_word' id='word_1_111' title='bbox 71 1874 141 1940; x_wconf 89' lang='lat' dir='ltr'>Sed</span> <span class='ocrx_word' id='word_1_112' title='bbox 167 1897 226 1962; x_wconf 91' lang='lat' dir='ltr'>pro</span> <span class='ocrx_word' id='word_1_113' title='bbox 250 1875 420 1964; x_wconf 84' lang='lat' dir='ltr'>Antigono</span> <span class='ocrx_word' id='word_1_114' title='bbox 442 1877 572 1941; x_wconf 88' lang='lat' dir='ltr'>Gonata</span> <span class='ocrx_word' id='word_1_115' title='bbox 591 1876 634 1940; x_wconf 88' lang='lat' dir='ltr'>est</span> <span class='ocrx_word' id='word_1_116' title='bbox 656 1877 849 1964; x_wconf 84' lang='lat' dir='ltr'>Anonymus</span> <span class='ocrx_word' id='word_1_117' title='bbox 870 1873 1003 1962; x_wconf 90' lang='lat' dir='ltr'>scriptor</span> <span class='ocrx_word' id='word_1_118' title='bbox 1023 1875 1111 1943; x_wconf 68' lang='lat' dir='ltr'>Vna</span> 
     </span>
     <span class='ocr_line' id='line_1_16' title="bbox 69 1974 1108 2065; baseline 0 -24"><span class='ocrx_word' id='word_1_119' title='bbox 69 1974 169 2041; x_wconf 82' lang='lat' dir='ltr'>Arati</span> <span class='ocrx_word' id='word_1_120' title='bbox 190 1976 223 2040; x_wconf 92' lang='lat' dir='ltr'>in</span> <span class='ocrx_word' id='word_1_121' title='bbox 246 1976 387 2041; x_wconf 89' lang='lat' dir='ltr'>editione</span> <span class='ocrx_word' id='word_1_122' title='bbox 405 1975 598 2042; x_wconf 74' lang='lat' dir='ltr'>Callimachi</span> <span class='ocrx_word' id='word_1_123' title='bbox 617 1975 799 2040; x_wconf 82' lang='lat' dir='ltr'>Emestiana</span> <span class='ocrx_word' id='word_1_124' title='bbox 819 1997 852 2062; x_wconf 88' lang='lat' dir='ltr'>p.</span> <span class='ocrx_word' id='word_1_125' title='bbox 867 1988 943 2063; x_wconf 84' lang='lat'><strong>590.</strong></span> <span class='ocrx_word' id='word_1_126' title='bbox 964 1975 1039 2040; x_wconf 76' lang='grc' dir='ltr'>-οὗ</span> <span class='ocrx_word' id='word_1_127' title='bbox 1056 1975 1108 2065; x_wconf 74' lang='lat' dir='ltr'>ys·</span> 
     </span>
     <span class='ocr_line' id='line_1_17' title="bbox 68 2075 1109 2166; baseline -0.001 -23"><span class='ocrx_word' id='word_1_128' title='bbox 68 2102 146 2159; x_wconf 61' lang='lat' dir='ltr'>mar</span> <span class='ocrx_word' id='word_1_129' title='bbox 162 2082 228 2153; x_wconf 72' lang='grc' dir='ltr'>ταῖς</span> <span class='ocrx_word' id='word_1_130' title='bbox 243 2080 396 2165; x_wconf 73' lang='grc' dir='ltr'><strong><em>Δημήτριος</em></strong></span> <span class='ocrx_word' id='word_1_131' title='bbox 410 2083 423 2141; x_wconf 81' lang='grc' dir='ltr'><strong>ὁ</strong></span> <span class='ocrx_word' id='word_1_132' title='bbox 437 2082 627 2166; x_wconf 62' lang='grc' dir='ltr'>πολιορκητὴς,</span> <span class='ocrx_word' id='word_1_133' title='bbox 642 2077 788 2166; x_wconf 73' lang='grc' dir='ltr'><strong><em>Δημιςιρῖο</em></strong></span> <span class='ocrx_word' id='word_1_134' title='bbox 802 2079 829 2140; x_wconf 74' lang='grc' dir='ltr'>δὲ</span> <span class='ocrx_word' id='word_1_135' title='bbox 843 2075 1005 2164; x_wconf 68' lang='grc' dir='ltr'><strong><em>Ἀντίλογος</em></strong></span> <span class='ocrx_word' id='word_1_136' title='bbox 1018 2083 1032 2141; x_wconf 75' lang='lat' dir='ltr'>l</span> <span class='ocrx_word' id='word_1_137' title='bbox 1045 2082 1109 2143; x_wconf 67' lang='grc' dir='ltr'>Γιιὲ</span> 
     </span>
     <span class='ocr_line' id='line_1_18' title="bbox 68 2176 1109 2269; baseline -0.002 -22"><span class='ocrx_word' id='word_1_138' title='bbox 68 2180 165 2257; x_wconf 69' lang='lat' dir='ltr'>him</span> <span class='ocrx_word' id='word_1_139' title='bbox 186 2181 264 2269; x_wconf 84' lang='lat' dir='ltr'>(leg.</span> <span class='ocrx_word' id='word_1_140' title='bbox 278 2182 435 2266; x_wconf 73' lang='grc' dir='ltr'><strong><em>Ἀντίγονος</em></strong></span> <span class='ocrx_word' id='word_1_141' title='bbox 454 2184 467 2244; x_wconf 82' lang='grc' dir='ltr'>ὅ</span> <span class='ocrx_word' id='word_1_142' title='bbox 486 2181 623 2264; x_wconf 73' lang='grc' dir='ltr'><strong><em>Γονοῖτοις)</em></strong></span> <span class='ocrx_word' id='word_1_143' title='bbox 645 2176 754 2268; x_wconf 69' lang='lat' dir='ltr'>crap’qi</span> <span class='ocrx_word' id='word_1_144' title='bbox 773 2177 899 2269; x_wconf 69' lang='grc' dir='ltr'><strong><em>διᾶτριὸιι</em></strong></span> <span class='ocrx_word' id='word_1_145' title='bbox 913 2180 1005 2259; x_wconf 74' lang='grc' dir='ltr'><strong><em>αὐτὸς,</em></strong></span> <span class='ocrx_word' id='word_1_146' title='bbox 1020 2179 1042 2269; x_wconf 68' lang='lat' dir='ltr'>’i</span> <span class='ocrx_word' id='word_1_147' title='bbox 1058 2182 1109 2245; x_wconf 74' lang='lat' dir='ltr'>oin</span> 
     </span>
     <span class='ocr_line' id='line_1_19' title="bbox 67 2279 1109 2372; baseline 0.002 -26"><span class='ocrx_word' id='word_1_148' title='bbox 67 2288 149 2370; x_wconf 68' lang='grc' dir='ltr'>αὐτῷ</span> <span class='ocrx_word' id='word_1_149' title='bbox 162 2284 287 2372; x_wconf 70' lang='grc' dir='ltr'><strong><em>Περσεὺς</em></strong></span> <span class='ocrx_word' id='word_1_150' title='bbox 303 2284 454 2358; x_wconf 82' lang='grc' dir='ltr'><strong><em>ὄΣτοιῑκός</em></strong></span> <span class='ocrx_word' id='word_1_151' title='bbox 468 2280 516 2363; x_wconf 62' lang='grc' dir='ltr'>κο)</span> <span class='ocrx_word' id='word_1_152' title='bbox 533 2281 707 2368; x_wconf 73' lang='grc' dir='ltr'><strong><em>Ἀνταγόρας</em></strong></span> <span class='ocrx_word' id='word_1_153' title='bbox 722 2286 735 2344; x_wconf 77' lang='grc' dir='ltr'><strong>ὁ</strong></span> <span class='ocrx_word' id='word_1_154' title='bbox 755 2279 853 2356; x_wconf 71' lang='grc' dir='ltr'><strong><em>Ῥόδιος</em></strong></span> <span class='ocrx_word' id='word_1_155' title='bbox 875 2286 888 2345; x_wconf 75' lang='grc' dir='ltr'>ὁ</span> <span class='ocrx_word' id='word_1_156' title='bbox 908 2286 956 2361; x_wconf 75' lang='grc' dir='ltr'>τὴν</span> <span class='ocrx_word' id='word_1_157' title='bbox 976 2279 1109 2362; x_wconf 57' lang='lat' dir='ltr'>&amp;adada</span> 
     </span>
     <span class='ocr_line' id='line_1_20' title="bbox 66 2374 1128 2473; baseline -0.001 -20"><span class='ocrx_word' id='word_1_158' title='bbox 66 2388 208 2468; x_wconf 71' lang='grc' dir='ltr'><strong><em>σοιῆσας,</em></strong></span> <span class='ocrx_word' id='word_1_159' title='bbox 228 2385 273 2465; x_wconf 65' lang='grc' dir='ltr'>καὶ</span> <span class='ocrx_word' id='word_1_160' title='bbox 290 2382 475 2473; x_wconf 72' lang='grc' dir='ltr'>Ἀλέξανδρος</span> <span class='ocrx_word' id='word_1_161' title='bbox 495 2385 701 2461; x_wconf 77' lang='grc' dir='ltr'><strong><em>ὂΑἲτοιλός-.</em></strong></span> <span class='ocrx_word' id='word_1_162' title='bbox 738 2384 848 2473; x_wconf 81' lang='lat' dir='ltr'>Hujus</span> <span class='ocrx_word' id='word_1_163' title='bbox 861 2374 1128 2453; x_wconf 54' lang='lat' dir='ltr'>&#39;llrebaidic&#39;aliu&#39;</span> 
     </span>
     <span class='ocr_line' id='line_1_21' title="bbox 66 2480 1107 2576; baseline -0.001 -20"><span class='ocrx_word' id='word_1_164' title='bbox 66 2480 171 2556; x_wconf 76' lang='lat' dir='ltr'>exstat</span> <span class='ocrx_word' id='word_1_165' title='bbox 190 2488 312 2554; x_wconf 86' lang='lat' dir='ltr'>mentio</span> <span class='ocrx_word' id='word_1_166' title='bbox 331 2488 364 2553; x_wconf 93' lang='lat' dir='ltr'>in</span> <span class='ocrx_word' id='word_1_167' title='bbox 390 2487 550 2574; x_wconf 81' lang='lat' dir='ltr'>scriptorio</span> <span class='ocrx_word' id='word_1_168' title='bbox 571 2487 701 2554; x_wconf 82' lang='lat' dir='ltr'>alteriue</span> <span class='ocrx_word' id='word_1_169' title='bbox 723 2487 889 2576; x_wconf 83' lang='lat' dir='ltr'>cujusdam</span> <span class='ocrx_word' id='word_1_170' title='bbox 912 2511 977 2554; x_wconf 93' lang='lat' dir='ltr'>non</span> <span class='ocrx_word' id='word_1_171' title='bbox 1000 2490 1107 2555; x_wconf 89' lang='lat' dir='ltr'>nomi-</span> 
     </span>
     <span class='ocr_line' id='line_1_22' title="bbox 67 2591 1107 2681; baseline 0.001 -22"><span class='ocrx_word' id='word_1_172' title='bbox 67 2593 141 2659; x_wconf 69' lang='lat' dir='ltr'>nati</span> <span class='ocrx_word' id='word_1_173' title='bbox 161 2592 321 2659; x_wconf 81' lang='lat' dir='ltr'>historiola</span> <span class='ocrx_word' id='word_1_174' title='bbox 342 2592 537 2681; x_wconf 84' lang='lat' dir='ltr'>pervenusla,</span> <span class='ocrx_word' id='word_1_175' title='bbox 558 2615 655 2678; x_wconf 85' lang='lat' dir='ltr'>quarn</span> <span class='ocrx_word' id='word_1_176' title='bbox 680 2592 810 2657; x_wconf 88' lang='lat' dir='ltr'>servavit</span> <span class='ocrx_word' id='word_1_177' title='bbox 831 2593 865 2657; x_wconf 88' lang='lat' dir='ltr'>S.</span> <span class='ocrx_word' id='word_1_178' title='bbox 886 2591 1051 2659; x_wconf 77' lang='lat' dir='ltr'>Maximus</span> <span class='ocrx_word' id='word_1_179' title='bbox 1073 2593 1107 2661; x_wconf 91' lang='lat' dir='ltr'>in</span> 
     </span>
     <span class='ocr_line' id='line_1_23' title="bbox 68 2693 1109 2782; baseline 0.003 -21"><span class='ocrx_word' id='word_1_180' title='bbox 68 2694 249 2762; x_wconf 82' lang='lat' dir='ltr'>Sententiis</span> <span class='ocrx_word' id='word_1_181' title='bbox 263 2696 303 2760; x_wconf 89' lang='lat' dir='ltr'>T.</span> <span class='ocrx_word' id='word_1_182' title='bbox 318 2696 362 2759; x_wconf 92' lang='lat' dir='ltr'>ll.</span> <span class='ocrx_word' id='word_1_183' title='bbox 378 2717 411 2782; x_wconf 89' lang='lat' dir='ltr'>p.</span> <span class='ocrx_word' id='word_1_184' title='bbox 423 2695 499 2780; x_wconf 76' lang='lat'><strong>580.</strong></span> <span class='ocrx_word' id='word_1_185' title='bbox 514 2693 592 2759; x_wconf 91' lang='lat' dir='ltr'>edit.</span> <span class='ocrx_word' id='word_1_186' title='bbox 610 2693 864 2759; x_wconf 77' lang='lat' dir='ltr'>Combefisranaez</span> <span class='ocrx_word' id='word_1_187' title='bbox 888 2716 921 2780; x_wconf 91' lang='lat' dir='ltr'>p.</span> <span class='ocrx_word' id='word_1_188' title='bbox 937 2714 1011 2780; x_wconf 84' lang='lat'><strong>934.</strong></span> <span class='ocrx_word' id='word_1_189' title='bbox 1027 2694 1109 2765; x_wconf 88' lang='lat' dir='ltr'>edit.</span> 
     </span>
     <span class='ocr_line' id='line_1_24' title="bbox 68 2793 1109 2885; baseline -0.005 -20"><span class='ocrx_word' id='word_1_190' title='bbox 68 2798 163 2865; x_wconf 86' lang='lat' dir='ltr'>Stob.</span> <span class='ocrx_word' id='word_1_191' title='bbox 174 2795 327 2863; x_wconf 88' lang='lat' dir='ltr'>Wechel.</span> <span class='ocrx_word' id='word_1_192' title='bbox 342 2796 516 2885; x_wconf 62' lang='grc' dir='ltr'><strong><em>Ἀνταγόρας</em></strong></span> <span class='ocrx_word' id='word_1_193' title='bbox 530 2793 585 2860; x_wconf 73' lang='lat' dir='ltr'>incl</span> <span class='ocrx_word' id='word_1_194' title='bbox 598 2795 765 2881; x_wconf 69' lang='lat' dir='ltr'>dvaylvucur</span> <span class='ocrx_word' id='word_1_195' title='bbox 779 2797 856 2881; x_wconf 76' lang='grc' dir='ltr'>παρὰ</span> <span class='ocrx_word' id='word_1_196' title='bbox 871 2798 999 2870; x_wconf 74' lang='grc' dir='ltr'><strong><em>Βοιωτοῖς</em></strong></span> <span class='ocrx_word' id='word_1_197' title='bbox 1010 2797 1043 2860; x_wconf 75' lang='grc' dir='ltr'>τὸ</span> <span class='ocrx_word' id='word_1_198' title='bbox 1060 2802 1109 2876; x_wconf 78' lang='grc' dir='ltr'>τῆς</span> 
     </span>
     <span class='ocr_line' id='line_1_25' title="bbox 68 2893 1108 2985; baseline -0.001 -21"><span class='ocrx_word' id='word_1_199' title='bbox 68 2898 211 2979; x_wconf 66' lang='grc' dir='ltr'><strong><em>Θηὲοιΐὸος</em></strong></span> <span class='ocrx_word' id='word_1_200' title='bbox 223 2898 418 2985; x_wconf 69' lang='grc' dir='ltr'><strong><em>σύγγραμμα,</em></strong></span> <span class='ocrx_word' id='word_1_201' title='bbox 437 2898 459 2985; x_wconf 71' lang='lat' dir='ltr'>’it</span> <span class='ocrx_word' id='word_1_202' title='bbox 482 2895 562 2972; x_wconf 69' lang='grc' dir='ltr'><strong><em>οὐδεὶς</em></strong></span> <span class='ocrx_word' id='word_1_203' title='bbox 578 2893 779 2984; x_wconf 73' lang='grc' dir='ltr'><strong><em>ὑπιοημῇιοιτο,</em></strong></span> <span class='ocrx_word' id='word_1_204' title='bbox 800 2896 913 2972; x_wconf 71' lang='grc' dir='ltr'><strong><em>κλείσας</em></strong></span> <span class='ocrx_word' id='word_1_205' title='bbox 932 2898 965 2961; x_wconf 74' lang='grc' dir='ltr'>τὸ</span> <span class='ocrx_word' id='word_1_206' title='bbox 986 2895 1108 2983; x_wconf 60' lang='lat' dir='ltr'>petitor,</span> 
     </span>
     <span class='ocr_line' id='line_1_26' title="bbox 66 2996 1106 3091; baseline -0.001 -24"><span class='ocrx_word' id='word_1_207' title='bbox 66 3001 205 3082; x_wconf 75' lang='grc' dir='ltr'><strong><em>ΔικαΙιις,</em></strong></span> <span class='ocrx_word' id='word_1_208' title='bbox 225 3003 293 3082; x_wconf 72' lang='lat' dir='ltr'>elne,</span> <span class='ocrx_word' id='word_1_209' title='bbox 315 3006 437 3067; x_wconf 72' lang='grc' dir='ltr'>καλεῑθι</span> <span class='ocrx_word' id='word_1_210' title='bbox 456 3001 580 3066; x_wconf 74' lang='grc' dir='ltr'><strong><em>Βοιωτοί·</em></strong></span> <span class='ocrx_word' id='word_1_211' title='bbox 605 3004 676 3082; x_wconf 79' lang='grc' dir='ltr'><strong><em>βοῶν</em></strong></span> <span class='ocrx_word' id='word_1_212' title='bbox 689 3005 748 3088; x_wconf 76' lang='grc' dir='ltr'>γὰρ</span> <span class='ocrx_word' id='word_1_213' title='bbox 762 2996 823 3063; x_wconf 72' lang='lat' dir='ltr'>dra</span> <span class='ocrx_word' id='word_1_214' title='bbox 837 2999 920 3086; x_wconf 75' lang='grc' dir='ltr'><strong><em>ἔχιΊι.</em></strong></span> <span class='ocrx_word' id='word_1_215' title='bbox 955 3001 1106 3091; x_wconf 81' lang='lat' dir='ltr'>Antago·</span> 
     </span>
     <span class='ocr_line' id='line_1_27' title="bbox 66 3101 1105 3192; baseline 0 -23"><span class='ocrx_word' id='word_1_216' title='bbox 66 3124 137 3169; x_wconf 80' lang='lat' dir='ltr'>ram</span> <span class='ocrx_word' id='word_1_217' title='bbox 152 3124 226 3167; x_wconf 92' lang='lat' dir='ltr'>cum</span> <span class='ocrx_word' id='word_1_218' title='bbox 242 3104 357 3183; x_wconf 76' lang='lat' dir='ltr'>Arato,</span> <span class='ocrx_word' id='word_1_219' title='bbox 373 3104 600 3192; x_wconf 84' lang='lat' dir='ltr'>Lycophrone,</span> <span class='ocrx_word' id='word_1_220' title='bbox 623 3117 656 3167; x_wconf 89' lang='lat' dir='ltr'>et</span> <span class='ocrx_word' id='word_1_221' title='bbox 674 3101 884 3182; x_wconf 90' lang='lat' dir='ltr'>Menedemo,</span> <span class='ocrx_word' id='word_1_222' title='bbox 900 3103 1033 3168; x_wconf 82' lang='lat' dir='ltr'>Eretriae</span> <span class='ocrx_word' id='word_1_223' title='bbox 1048 3103 1105 3170; x_wconf 91' lang='lat' dir='ltr'>de·</span> 
     </span>
     <span class='ocr_line' id='line_1_28' title="bbox 65 3202 1105 3297; baseline -0.002 -26"><span class='ocrx_word' id='word_1_224' title='bbox 65 3202 145 3297; x_wconf 76' lang='lat' dir='ltr'>giffe</span> <span class='ocrx_word' id='word_1_225' title='bbox 167 3219 274 3270; x_wconf 87' lang='lat' dir='ltr'>narrat</span> <span class='ocrx_word' id='word_1_226' title='bbox 296 3204 461 3293; x_wconf 79' lang='lat' dir='ltr'>Diogenes</span> <span class='ocrx_word' id='word_1_227' title='bbox 483 3208 591 3271; x_wconf 81' lang='lat' dir='ltr'>Laert.</span> <span class='ocrx_word' id='word_1_228' title='bbox 613 3204 760 3292; x_wconf 32' lang='lat' dir='ltr'>Il.133·:</span> <span class='ocrx_word' id='word_1_229' title='bbox 784 3202 914 3293; x_wconf 90' lang='lat' dir='ltr'>ejusque</span> <span class='ocrx_word' id='word_1_230' title='bbox 933 3204 1105 3294; x_wconf 81' lang='lat' dir='ltr'>Epigram-</span> 
     </span>
     <span class='ocr_line' id='line_1_29' title="bbox 67 3305 1107 3394; baseline 0.003 -21"><span class='ocrx_word' id='word_1_231' title='bbox 67 3320 158 3373; x_wconf 77' lang='lat' dir='ltr'>mata</span> <span class='ocrx_word' id='word_1_232' title='bbox 183 3306 249 3373; x_wconf 92' lang='lat' dir='ltr'>duo</span> <span class='ocrx_word' id='word_1_233' title='bbox 271 3307 406 3394; x_wconf 93' lang='lat' dir='ltr'>apponit</span> <span class='ocrx_word' id='word_1_234' title='bbox 428 3308 487 3371; x_wconf 90' lang='lat' dir='ltr'>IV.</span> <span class='ocrx_word' id='word_1_235' title='bbox 507 3325 560 3374; x_wconf 69' lang='grc' dir='ltr'>οι.</span> <span class='ocrx_word' id='word_1_236' title='bbox 583 3318 618 3371; x_wconf 90' lang='lat' dir='ltr'>et</span> <span class='ocrx_word' id='word_1_237' title='bbox 639 3310 698 3373; x_wconf 88' lang='lat'>26:</span> <span class='ocrx_word' id='word_1_238' title='bbox 723 3305 938 3394; x_wconf 91' lang='lat' dir='ltr'>eumdemque</span> <span class='ocrx_word' id='word_1_239' title='bbox 959 3308 1107 3377; x_wconf 80' lang='lat' dir='ltr'>nominat</span> 
     </span>
     <span class='ocr_line' id='line_1_30' title="bbox 66 3408 1105 3498; baseline -0.001 -21"><span class='ocrx_word' id='word_1_240' title='bbox 66 3409 235 3498; x_wconf 82' lang='lat' dir='ltr'>Meleager</span> <span class='ocrx_word' id='word_1_241' title='bbox 249 3410 333 3475; x_wconf 90' lang='lat' dir='ltr'>inter</span> <span class='ocrx_word' id='word_1_242' title='bbox 347 3416 470 3484; x_wconf 74' lang='lat' dir='ltr'>Poetae,</span> <span class='ocrx_word' id='word_1_243' title='bbox 494 3432 533 3474; x_wconf 77' lang='lat' dir='ltr'>ex</span> <span class='ocrx_word' id='word_1_244' title='bbox 550 3409 666 3496; x_wconf 79' lang='lat' dir='ltr'>quibua</span> <span class='ocrx_word' id='word_1_245' title='bbox 688 3409 779 3474; x_wconf 87' lang='lat' dir='ltr'>flores</span> <span class='ocrx_word' id='word_1_246' title='bbox 803 3408 941 3474; x_wconf 85' lang='lat' dir='ltr'>Coronae</span> <span class='ocrx_word' id='word_1_247' title='bbox 957 3410 1020 3475; x_wconf 77' lang='lat' dir='ltr'>sure</span> <span class='ocrx_word' id='word_1_248' title='bbox 1035 3411 1105 3477; x_wconf 91' lang='lat' dir='ltr'>col·</span> 
     </span>
     <span class='ocr_line' id='line_1_31' title="bbox 65 3511 1104 3603; baseline 0 -24"><span class='ocrx_word' id='word_1_249' title='bbox 65 3511 196 3603; x_wconf 82' lang='lat' dir='ltr'>legerit.</span> <span class='ocrx_word' id='word_1_250' title='bbox 232 3512 308 3577; x_wconf 86' lang='lat' dir='ltr'>Alia</span> <span class='ocrx_word' id='word_1_251' title='bbox 326 3512 493 3578; x_wconf 83' lang='lat' dir='ltr'>videantur</span> <span class='ocrx_word' id='word_1_252' title='bbox 514 3512 555 3576; x_wconf 90' lang='lat' dir='ltr'>de</span> <span class='ocrx_word' id='word_1_253' title='bbox 576 3511 640 3576; x_wconf 88' lang='lat' dir='ltr'>hoc</span> <span class='ocrx_word' id='word_1_254' title='bbox 663 3512 761 3577; x_wconf 86' lang='lat' dir='ltr'>Poeta</span> <span class='ocrx_word' id='word_1_255' title='bbox 778 3511 864 3601; x_wconf 83' lang='lat' dir='ltr'>apud</span> <span class='ocrx_word' id='word_1_256' title='bbox 884 3512 924 3578; x_wconf 91' lang='lat' dir='ltr'>T.</span> <span class='ocrx_word' id='word_1_257' title='bbox 940 3514 1104 3580; x_wconf 82' lang='lat' dir='ltr'>Hemner-</span> 
     </span>
     <span class='ocr_line' id='line_1_32' title="bbox 64 3613 696 3682; baseline -0.006 0"><span class='ocrx_word' id='word_1_258' title='bbox 64 3614 193 3682; x_wconf 81' lang='lat' dir='ltr'>hufium</span> <span class='ocrx_word' id='word_1_259' title='bbox 206 3615 231 3681; x_wconf 91' lang='lat' dir='ltr'>l.</span> <span class='ocrx_word' id='word_1_260' title='bbox 244 3637 274 3680; x_wconf 86' lang='lat' dir='ltr'>c.</span> <span class='ocrx_word' id='word_1_261' title='bbox 291 3614 441 3680; x_wconf 84' lang='lat' dir='ltr'>editionis</span> <span class='ocrx_word' id='word_1_262' title='bbox 457 3613 696 3679; x_wconf 85' lang='lat' dir='ltr'>Callimacheae.</span> 
     </span>
    </p>

    <p class='ocr_par' dir='ltr' id='par_1_3' title="bbox 61 3733 1199 4335">
     <span class='ocr_line' id='line_1_33' title="bbox 106 3733 1199 3825; baseline 0.003 -25"><span class='ocrx_word' id='word_1_263' title='bbox 106 3758 143 3825; x_wconf 91' lang='lat' dir='ltr'>p.</span> <span class='ocrx_word' id='word_1_264' title='bbox 155 3737 229 3822; x_wconf 80' lang='lat'><strong>183.</strong></span> <span class='ocrx_word' id='word_1_265' title='bbox 245 3735 289 3800; x_wconf 84' lang='lat' dir='ltr'>A.</span> <span class='ocrx_word' id='word_1_266' title='bbox 312 3734 356 3812; x_wconf 82' lang='grc' dir='ltr'><strong><em>ιη’.</em></strong></span> <span class='ocrx_word' id='word_1_267' title='bbox 370 3734 447 3799; x_wconf 71' lang='grc' dir='ltr'>Ἐπεὶ</span> <span class='ocrx_word' id='word_1_268' title='bbox 462 3736 489 3798; x_wconf 74' lang='lat' dir='ltr'>di</span> <span class='ocrx_word' id='word_1_269' title='bbox 504 3733 567 3822; x_wconf 74' lang='lat' dir='ltr'>drap</span> <span class='ocrx_word' id='word_1_270' title='bbox 581 3733 695 3820; x_wconf 38' lang='lat' dir='ltr'>Mb]</span> <span class='ocrx_word' id='word_1_271' title='bbox 720 3734 830 3822; x_wconf 75' lang='lat' dir='ltr'>Magis</span> <span class='ocrx_word' id='word_1_272' title='bbox 844 3734 886 3800; x_wconf 82' lang='lat' dir='ltr'>ad</span> <span class='ocrx_word' id='word_1_273' title='bbox 898 3737 1104 3805; x_wconf 87' lang='lat' dir='ltr'>Demetrium</span> <span class='ocrx_word' id='word_1_274' title='bbox 1195 3792 1199 3803; x_wconf 88' lang='lat'><strong>.</strong></span> 
     </span>
     <span class='ocr_line' id='line_1_34' title="bbox 64 3835 1104 3927; baseline 0.005 -25"><span class='ocrx_word' id='word_1_275' title='bbox 64 3860 164 3927; x_wconf 77' lang='lat' dir='ltr'>quun</span> <span class='ocrx_word' id='word_1_276' title='bbox 185 3836 227 3901; x_wconf 83' lang='lat' dir='ltr'>ad</span> <span class='ocrx_word' id='word_1_277' title='bbox 248 3836 454 3924; x_wconf 84' lang='lat' dir='ltr'>Antigonum</span> <span class='ocrx_word' id='word_1_278' title='bbox 474 3835 583 3901; x_wconf 83' lang='lat' dir='ltr'>referri</span> <span class='ocrx_word' id='word_1_279' title='bbox 605 3835 754 3902; x_wconf 88' lang='lat' dir='ltr'>debebat.</span> <span class='ocrx_word' id='word_1_280' title='bbox 791 3837 942 3902; x_wconf 89' lang='lat' dir='ltr'>Sumtum</span> <span class='ocrx_word' id='word_1_281' title='bbox 965 3862 1005 3904; x_wconf 87' lang='lat' dir='ltr'>ex</span> <span class='ocrx_word' id='word_1_282' title='bbox 1024 3840 1104 3907; x_wconf 88' lang='lat' dir='ltr'>Vita</span> 
     </span>
     <span class='ocr_line' id='line_1_35' title="bbox 62 3937 1103 4032; baseline 0.001 -27"><span class='ocrx_word' id='word_1_283' title='bbox 62 3937 227 4005; x_wconf 88' lang='lat' dir='ltr'>Demetrii</span> <span class='ocrx_word' id='word_1_284' title='bbox 240 3960 273 4025; x_wconf 93' lang='lat' dir='ltr'>p.</span> <span class='ocrx_word' id='word_1_285' title='bbox 288 3940 362 4026; x_wconf 85' lang='lat'><strong>890.</strong></span> <span class='ocrx_word' id='word_1_286' title='bbox 380 3937 420 4002; x_wconf 92' lang='lat' dir='ltr'>C.</span> <span class='ocrx_word' id='word_1_287' title='bbox 435 3938 492 4003; x_wconf 92' lang='lat' dir='ltr'>ubi</span> <span class='ocrx_word' id='word_1_288' title='bbox 505 3937 593 4025; x_wconf 90' lang='lat' dir='ltr'>quod</span> <span class='ocrx_word' id='word_1_289' title='bbox 606 3937 724 4004; x_wconf 89' lang='lat' dir='ltr'>dicitur</span> <span class='ocrx_word' id='word_1_290' title='bbox 737 3939 911 4027; x_wconf 64' lang='grc' dir='ltr'><strong><em>Μιθριδάτης</em></strong></span> <span class='ocrx_word' id='word_1_291' title='bbox 925 3945 939 4003; x_wconf 78' lang='grc' dir='ltr'><strong><em>ὁ</em></strong></span> <span class='ocrx_word' id='word_1_292' title='bbox 952 3939 1103 4032; x_wconf 71' lang='grc' dir='ltr'>Ἀριοὸαρ-</span> 
     </span>
     <span class='ocr_line' id='line_1_36' title="bbox 63 4039 1102 4128; baseline 0.005 -23"><span class='ocrx_word' id='word_1_293' title='bbox 63 4041 133 4125; x_wconf 77' lang='grc' dir='ltr'><strong><em>ζίιιο</em></strong></span> <span class='ocrx_word' id='word_1_294' title='bbox 154 4044 242 4120; x_wconf 71' lang='grc' dir='ltr'><strong><em>παῖς,</em></strong></span> <span class='ocrx_word' id='word_1_295' title='bbox 265 4039 471 4128; x_wconf 87' lang='lat' dir='ltr'>reprehendit</span> <span class='ocrx_word' id='word_1_296' title='bbox 489 4039 664 4106; x_wconf 78' lang='lat' dir='ltr'>Palmeriuc</span> <span class='ocrx_word' id='word_1_297' title='bbox 680 4041 818 4107; x_wconf 65' lang='lat' dir='ltr'>mercii.</span> <span class='ocrx_word' id='word_1_298' title='bbox 840 4040 881 4105; x_wconf 87' lang='lat' dir='ltr'>ad</span> <span class='ocrx_word' id='word_1_299' title='bbox 901 4042 959 4109; x_wconf 91' lang='lat' dir='ltr'>Gr.</span> <span class='ocrx_word' id='word_1_300' title='bbox 974 4044 1102 4110; x_wconf 67' lang='lat' dir='ltr'>Audo-</span> 
     </span>
     <span class='ocr_line' id='line_1_37' title="bbox 62 4141 1101 4231; baseline 0.006 -22"><span class='ocrx_word' id='word_1_301' title='bbox 62 4164 114 4209; x_wconf 72' lang='grc' dir='ltr'>τοι</span> <span class='ocrx_word' id='word_1_302' title='bbox 138 4164 173 4231; x_wconf 85' lang='lat' dir='ltr'>p.</span> <span class='ocrx_word' id='word_1_303' title='bbox 196 4161 279 4211; x_wconf 80' lang='lat'>212:</span> <span class='ocrx_word' id='word_1_304' title='bbox 312 4155 423 4208; x_wconf 88' lang='lat' dir='ltr'>tuetur</span> <span class='ocrx_word' id='word_1_305' title='bbox 448 4141 675 4230; x_wconf 81' lang='lat' dir='ltr'>Wesselingiuc</span> <span class='ocrx_word' id='word_1_306' title='bbox 698 4142 740 4207; x_wconf 86' lang='lat' dir='ltr'>ad</span> <span class='ocrx_word' id='word_1_307' title='bbox 762 4142 899 4209; x_wconf 90' lang='lat' dir='ltr'>Diodor.</span> <span class='ocrx_word' id='word_1_308' title='bbox 922 4143 988 4210; x_wconf 84' lang='lat' dir='ltr'>sic.</span> <span class='ocrx_word' id='word_1_309' title='bbox 1005 4147 1101 4215; x_wconf 88' lang='lat' dir='ltr'><strong>XIX.</strong></span> 
     </span>
     <span class='ocr_line' id='line_1_38' title="bbox 61 4242 1102 4335; baseline 0.005 -22"><span class='ocrx_word' id='word_1_310' title='bbox 61 4264 127 4333; x_wconf 76' lang='lat'>40:</span> <span class='ocrx_word' id='word_1_311' title='bbox 157 4245 211 4313; x_wconf 84' lang='lat' dir='ltr'>Dc</span> <span class='ocrx_word' id='word_1_312' title='bbox 228 4244 352 4311; x_wconf 85' lang='lat' dir='ltr'>somnio</span> <span class='ocrx_word' id='word_1_313' title='bbox 375 4242 548 4335; x_wconf 81' lang='lat' dir='ltr'>Antigoni,</span> <span class='ocrx_word' id='word_1_314' title='bbox 569 4245 650 4333; x_wconf 82' lang='lat' dir='ltr'>fuga</span> <span class='ocrx_word' id='word_1_315' title='bbox 669 4244 874 4319; x_wconf 69' lang='lat' dir='ltr'>Mithridatis</span> <span class='ocrx_word' id='word_1_316' title='bbox 892 4245 927 4313; x_wconf 90' lang='lat' dir='ltr'>in</span> <span class='ocrx_word' id='word_1_317' title='bbox 949 4250 1102 4334; x_wconf 85' lang='lat' dir='ltr'>Pontum,</span> 
     </span>
    </p>

    <p class='ocr_par' dir='ltr' id='par_1_4' title="bbox 538 4366 624 4434">
     <span class='ocr_line' id='line_1_39' title="bbox 538 4366 624 4434; baseline -0.058 0"><span class='ocrx_word' id='word_1_318' title='bbox 538 4366 624 4434; x_wconf 82' lang='lat'>324</span> 
     </span>
    </p>
   </div>
   <div class='ocr_carea' id='block_1_3' title="bbox 0 0 1354 4928">
    <p class='ocr_par' dir='ltr' id='par_1_5' title="bbox 0 0 1354 4928">
     <span class='ocr_line' id='line_1_40' title="bbox 0 0 1354 4928; baseline 0 3"><span class='ocrx_word' id='word_1_319' title='bbox 0 0 1354 4928; x_wconf 95' lang='lat' dir='ltr'> </span> 
     </span>
    </p>
   </div>
  </div>
 </body>
</html>
