2700 4928
208 351 411 416 ssorum
425 355 643 418 LucoNlca
663 349 949 434 paors-asan.
1020 359 1093 423 1191

108 528 185 599 031.
200 514 235 581 F.
258 515 308 603 δί]
334 518 372 583 In
395 518 563 584 Laconicis
585 517 679 607 supra
695 517 835 606 legimus
856 537 889 603 p.
905 530 979 600 225.
995 514 1039 578 D.
1060 525 1095 578 et

62 628 141 699 ⁸¹7·
155 616 200 681 A.
215 617 271 683 ubi
285 619 377 704 plura
390 621 624 686 annotavimus.

104 735 182 803 231.
202 720 238 785 F.
270 723 621 808 nonsummum]
653 719 889 810 Πεισιστρατίδας
910 716 1095 784 nominatur

60 815 95 883 ln
114 819 192 887 Vita
215 823 369 912 Lycurgi,
390 825 476 891 unde
490 825 543 891 hic
556 825 647 891 locus
661 823 849 911 depromtus
870 822 913 887 est
934 843 967 907 p.
979 836 1035 905 55.
1051 818 1093 884 C.

60 916 261 988 Laconicum
281 927 325 990 est
344 925 426 1006 αἴκα,
449 927 569 1014 dequo
582 925 814 992 Valckenarius
827 923 869 990 ad
885 921 1047 989 Theocrit.
1064 921 1092 985 l.

63 1039 125 1088 sor
147 1023 294 1112 'l'oupius
315 1027 467 1116 Append.
488 1028 521 1093 in
541 1029 705 1094 Theocrit.
729 1050 761 1114 p.
777 1047 809 1094 a.
845 1024 909 1092 Sed
927 1022 1021 1089 nostri
1035 1043 1094 1087 co·

59 1123 150 1191 dicos
163 1154 176 1192 s
189 1128 340 1195 retinent.

104 1246 180 1314 231.
196 1232 232 1296 F.
254 1233 482 1316 common]
505 1235 578 1299 Nec
595 1232 717 1303 ditum
739 1254 798 1297 nec
820 1229 961 1297 hominis
974 1249 1093 1295 nomeu

56 1326 173 1395 savar.
208 1331 325 1408 insa
337 1333 395 1398 dat
417 1334 537 1420 Regius
550 1348 585 1399 et
598 1332 692 1397 Harl.
707 1354 772 1396 non
792 1331 896 1419 magis
914 1328 1091 1418 probabile.

59 1429 236 1513 Pholum,
259 1447 297 1500 ut
318 1434 415 1500 etism
438 1435 537 1500 habet
561 1436 737 1522 Amyotus,
758 1434 778 1496 fi
802 1455 874 1497 vere
892 1432 940 1496 ita
959 1431 1091 1525 legitur,

57 1529 88 1597 is
106 1532 198 1599 fuiffe
219 1535 363 1601 videatur
381 1537 437 1623 qui
456 1536 632 1602 Cadmeam
650 1535 830 1621 occupavit,
852 1534 960 1620 postea
978 1531 1092 1619 proelio

56 1634 102 1701 ad
123 1635 276 1724 Thespias
296 1638 429 1704 cecidit:
452 1637 494 1704 de
515 1661 581 1726 quo
605 1637 794 1704 Plutarchus
814 1634 922 1722 prodit
942 1634 976 1698 in
998 1633 1089 1699 Pelo·

55 1735 137 1825 pids
149 1759 183 1824 p.
195 1739 323 1806 280.vC.
339 1741 413 1827 285.
426 1742 471 1807 D.
505 1740 654 1828 Agefilao
666 1761 700 1827 p.
712 1741 787 1804 608.
801 1740 853 1804 D:
876 1750 912 1803 et
924 1736 990 1803 alii.
1020 1737 1089 1802 Xe·

57 1838 192 1926 oophon
217 1840 379 1907 Hellenic.
395 1845 436 1908 V.
459 1865 492 1929 p.
508 1858 585 1928 557.
598 1843 638 1907 B.
663 1857 740 1926 574.
757 1841 803 1906 D.
838 1838 1002 1906 Diodonrs
1024 1838 1089 1904 Sic.

57 1942 136 2008 XV.
153 1960 206 2010 2ο.
218 1963 280 2029 33ε
310 1942 363 2010 sed
384 1944 492 2009 obitus
513 1944 583 2032 ejus
604 1943 721 2010 accidit
742 1958 818 2008 ante
837 1963 981 2030 pugnam
1001 1943 1088 2007 Leu-

55 2041 204 2108 orium.
227 2043 359 2110 Dictmn
371 2045 468 2110 babet
482 2045 719 2110 similitudinem
731 2043 888 2110 Proverbii
901 2042 1000 2124 illius,
1012 2046 1090 2131 ἄςχι)

54 2143 144 2234 ἄνδρα
156 2147 283 2213 lrlxvoov·
307 2147 348 2214 de
362 2171 428 2236 quo
441 2147 584 2213 dicemus
597 2147 639 2214 ad
653 2169 687 2235 p.
701 2149 774 2213 811.
788 2148 828 2213 Β.

99 2268 132 2334 P·
149 2266 223 2334 232.
238 2250 281 2317 A.
303 2253 387 2329 διῖξω
406 2259 488 2316 σῶον.
519 2248 657 2336 Alyssos]
685 2250 792 2314 Iocus
813 2270 878 2314 non
899 2245 1090 2333 1667111ηᾶ0

55 2358 180 2415 temere
201 2352 301 2437 polito
319 2352 503 2419 laborabats
535 2352 630 2438 plane
652 2351 744 2417 sanus
767 2352 821 2430 est,
844 2349 944 2416 modo
963 2351 1091 2436 legatur

55 2455 196 2534 -driffap
228 2453 299 2521 Σόον
322 2454 489 2541 alysso&
519 2467 557 2520 ut
579 2454 655 2542 Xyl.
678 2467 712 2519 et
732 2453 916 2542 Amyotus:
940 2450 1089 2517 transcri-

55 2566 134 2640 ptus
154 2556 198 2621 est
219 2578 258 2622 ex
271 2556 349 2622 Wta
363 2557 504 2646 Lycurgi
524 2579 557 2644 p.
571 2576 626 2638 40.
639 2555 680 2623 C.
707 2557 760 2621 De
775 2557 830 2622 Sos
842 2578 919 2644 rege
933 2554 1089 2621 Meurfius

56 2656 162 2744 Rogo.
184 2656 367 2724 lacedem.
383 2661 457 2724 XV.
482 2682 515 2746 p.
530 2660 593 2745 69:
616 2657 658 2723 ad
680 2658 867 2746 Phlegontis
888 2662 1016 2745 Fragm.
1039 2658 1087 2723 0-

55 2756 159 2845 lymp.
176 2779 209 2845 p.
226 2778 298 2845 143.
334 2760 566 2825 Valckenarius
581 2759 623 2824 sd
634 2759 797 2825 tbeocrit.
817 2781 851 2845 p.
868 2761 941 2826 266.
955 2760 1020 2846 seq.

100 2870 175 2946 232.
191 2862 229 2926 Β.
254 2864 506 2947 runcum]
541 2863 593 2926 De
614 2861 676 2925 hoc
700 2860 880 2926 notavimus
901 2881 935 2946 p.
954 2879 1027 2946 190.
1041 2860 1086 2928 A.

57 2964 133 3027 216.
144 2966 183 3028 E.
198 2964 315 3029 rudius
327 2965 469 3042 Τήλεκλος
484 2963 641 3028 scribitur.

99 3082 175 3150 232.
190 3065 230 3129 Β.
252 3065 308 3151 β’.]
336 3066 526 3130 Notavimus
540 3087 574 3151 p.
590 3083 663 3148 190.
677 3063 721 3128 A.

99 3183 175 3251 232.
191 3168 229 3231 Β.
252 3166 309 3252 γ’.]
336 3167 474 3254 Cragius
494 3169 573 3253 Rep.
589 3163 706 3230 laced.
723 3164 787 3229 lll.
801 3180 833 3250 7.
848 3184 882 3251 3.
902 3185 937 3252 p.
953 3181 1027 3249 270.

96 3285 174 3353 232.
189 3269 228 3332 Β.
251 3268 486 3353 nausson]
510 3269 562 3334 Dc
577 3268 640 3333 hoc
654 3266 793 3334 diximus
805 3287 839 3353 p.
856 3267 928 3356 189.
945 3270 981 3333 F.
1125 3287 1128 3291 ·

98 3386 173 3454 232.
190 3372 228 3434 Β.
251 3370 306 3456 a‘.]
333 3369 526 3435 Notavimus
541 3369 673 3434 ibidem.

100 3489 174 3556 232.
187 3471 229 3536 C.
251 3471 306 3557 β’.]
334 3471 471 3558 Cragius
485 3474 566 3557 Rep.
581 3470 700 3536 Laced.
717 3472 780 3536 Ill.
793 3473 825 3536 6.
841 3490 892 3537 11.
908 3494 941 3557 p.
957 3472 1031 3552 264.

97 3591 174 3658 232.
191 3573 232 3638 C.
254 3574 312 3659 7.]
336 3574 529 3638 Notavimus
546 3597 580 3659 p.
596 3574 668 3659 189.
684 3576 720 3638 F.

99 3694 175 3761 232.
191 3676 231 3742 C.
254 3677 304 3761 u]
334 3676 385 3741 De
410 3675 534 3762 optima
559 3674 695 3739 civitatis
721 3674 826 3740 forma
847 3674 967 3738 exstant
994 3673 1087 3760 Apo·

54 3777 273 3866 phthegmats
297 3780 330 3844 in
349 3780 415 3845 Vll
439 3779 628 3865 Sapientum
653 3777 809 3844 Convivio
832 3798 867 3864 p.
893 3792 966 3862 154.
988 3778 1028 3842 E.
1054 3790 1090 3842 et

54 3880 187 3946 Stobaeo
201 3880 309 3946 lloril.
324 3881 413 3945 XLI.
429 3902 462 3968 p.
477 3896 551 3964 247.
1303 3911 1329 3951 ι

99 3999 175 4067 232.
191 3981 231 4047 C.
254 3981 302 4069 v'.]
329 3981 467 4069 Cragius
482 3980 561 4068 Rep.
577 3979 696 4045 Laced.
713 3979 775 4044 lll.
793 3997 915 4065 1.1.p.
933 3979 1005 4063 178.

99 4102 175 4169 232.
188 4085 233 4150 D.
256 4089 438 4151 ΔΙΑΦΟΡΑ
461 4086 549 4148 ΤΩΝ
572 4086 628 4146 EN
650 4080 749 4148 1012
772 4079 963 4147 ΛΑΚΩΣΙΝ
984 4084 1088 4145 ΑΔΟ-

55 4186 147 4253 ΞΩΝ
172 4188 523 4271 mossarum]
556 4184 654 4250 Abest
672 4204 800 4271 quoque
818 4181 850 4246 in
875 4181 968 4249 Harl.
990 4192 1029 4263 ct

53 4281 178 4353 babent
199 4284 403 4373 interpretes,
428 4283 560 4372 Regius,
578 4281 737 4362 Erasmus,
752 4292 787 4347 et
804 4180 1292 4642 Αιγοῑηῃ

528 4401 623 4465 404
