2700 4928
281 357 340 428 706
415 396 417 400 Α
471 360 508 421 D.
519 364 570 420 W.
591 363 800 422 ANIMADV.
820 362 867 421 IN
887 357 1120 421 PLUTARCHI

278 519 418 585 ÷Diodor.
441 522 506 586 Sic.
520 524 559 586 T.
576 523 620 586 11.
643 544 677 608 p.
695 525 766 587 166⁴.
788 537 822 587 et
841 526 872 590 J.
887 524 1042 607 Uptonua
1057 521 1091 586 in
1111 517 1224 585 Indice
1237 511 1322 604 Epi«

283 621 372 685 uoti.
837 651 841 659 ·

329 741 400 786 102.
416 724 455 786 E.
485 729 519 808 τῇ
537 727 646 811 διανομῇ
661 733 714 789 τῶν
727 720 1081 812 πραγμάτων-ἥσθη]
1099 725 1240 803 Διανομῆ,
1254 721 1317 807 dis-

284 822 416 900 tributio,
430 822 548 888 dicitur
566 826 663 891 etiam
681 825 721 889 de
741 825 1008 890 administratione
1021 824 1137 889 summi
1152 823 1315 908 imperan-

282 923 337 1002 tis,
352 939 437 989 certe
453 925 631 1010 superioris,
647 927 737 990 suum
756 927 872 1012 cuique
887 925 1055 991 tribuentis
1069 927 1126 989 suo
1145 924 1241 1010 ipsius
1256 923 1313 1011 ju·

282 1024 386 1106 dicio;
419 1040 453 1090 et
477 1027 539 1092 hoc
568 1027 641 1092 loco
664 1029 853 1115 fignificatur
877 1028 986 1093 diuina
1011 1027 1193 1114 gubernatio
1218 1049 1313 1089 remon

278 1127 501 1191 bainariorum:
524 1129 563 1191 fic
577 1131 620 1192 est
637 1129 737 1215 patris
750 1130 781 1192 in
794 1129 903 1215 offitio
917 1153 990 1216 erga
1003 1139 1088 1191 natos
1102 1128 1135 1191 in
1153 1127 1312 1192 Plutarchi

280 1228 399 1315 Quaest.
421 1228 500 1292 Plat.
523 1250 555 1314 p.
573 1248 666 1292 1000.
682 1231 734 1293 A:
757 1228 935 1317 legissatoris
949 1228 1036 1314 apud
1051 1229 1219 1294 Platonem
1233 1231 1311 1316 Leg.

281 1327 308 1388 l.
331 1345 365 1410 p.
384 1329 460 1411 565.
480 1328 528 1390 B:
564 1327 727 1392 Philonem
748 1329 823 1394 Jud.
848 1331 899 1394 De
920 1328 1086 1415 Decalogo
1112 1350 1146 1414 p.
1162 1330 1238 1412 746.
1257 1331 1310 1393 A:

261 1414 453 1513 Ιχρησομὲνιςς
474 1430 551 1502 εὐθὺς
571 1433 633 1502 ταῖς
654 1438 707 1492 τῶν
728 1430 837 1493 δικαίων
856 1433 1065 1516 ωαρασκευαῖς,
1085 1431 1124 1511 lp’
1140 1429 1251 1516 ὁμονοίᾳ
1263 1430 1309 1493 κα)

282 1528 404 1614 κοινωνίᾳ
417 1529 439 1614 ’i
454 1531 563 1613 iraropp
580 1537 633 1592 τῶν
655 1528 856 1592 intimandnm«
870 1529 996 1603 lusson:
1020 1541 1055 1591 et
1068 1526 1154 1610 viper
1168 1529 1247 1594 deus
1260 1529 1307 1593 dl·

280 1630 376 1708 citur,
400 1653 429 1692 v.
444 1651 474 1694 o.
510 1629 653 1716 Euripidi
668 1629 785 1694 Eledlr.
810 1633 869 1694 116
883 1655 890 1692 :
914 1629 1002 1711 Νέμει
1016 1655 1057 1692 τοι
1071 1630 1149 1693 δίκαν
1161 1632 1235 1709 aaa,
1247 1630 1307 1694 iren

280 1732 375 1818 τύχῃς
400 1754 465 1818 quo
484 1731 520 1795 in
531 1732 634 1796 officio
650 1731 751 1811 ἕπεῶας
767 1753 878 1796 eorum
891 1731 947 1808 est,
963 1731 1018 1816 qui
1035 1730 1248 1816 gubernationi
1259 1731 1308 1795 ob·

271 1834 452 1920 sequuntur,
475 1834 613 1920 indeque
630 1834 823 1898 celebratum
845 1847 1044 1919 praeceptum
1065 1834 1170 1912 &sua
1188 1839 1229 1919 τῷ
1243 1839 1307 1919 θιῷ,

282 1936 370 2022 quod
391 1937 569 2001 notavimus
585 1935 625 2000 ad
640 1935 755 2000 librum
771 1937 822 1999 De
838 1937 914 1999 Sera
927 1936 1029 1999 Num.
1042 1934 1141 1999 Vind.
1158 1957 1191 2022 p.
1204 1952 1255 2019 27.

197 2050 200 2057 ’
328 2057 399 2104 102.
411 2036 448 2103 Ρ.
468 2037 541 2115 un
555 2037 700 2124 εὐτύχημα
713 2038 848 2122 μηδὲμ]
875 2036 1007 2101 Grotius
1024 2038 1173 2122 Excerpt.
1188 2057 1223 2122 p.
1232 2036 1302 2121 463.

279 2137 354 2204 hinc
370 2141 479 2204 retulit
497 2140 579 2203 inter
592 2138 770 2202 Incertomm
784 2137 992 2223 Tragicorum
1007 2139 1177 2222 Excerpta.
1215 2137 1300 2202 Euri·

279 2237 362 2322 pidis
386 2239 457 2314 esso,
480 2251 513 2301 et
534 2236 623 2301 color
643 2237 760 2321 arguit,
783 2249 817 2300 et
832 2237 989 2323 judicavit
1011 2236 1244 2302 Valckenarius
1265 2235 1300 2301 ad

282 2338 429 2401 Phoeniss.
446 2361 509 2402 ver.
523 2357 598 2422 393.
613 2350 648 2400 et
662 2354 736 2421 927.
752 2337 807 2400 ubi
821 2340 903 2399 Ἀλλ’
923 2340 1004 2411 αὐτὸς
1024 2338 1218 2403 mutandum
1231 2360 1298 2405 cen·

279 2437 327 2502 set
342 2438 374 2500 in
388 2441 472 2500 Ἀλλ’
487 2440 580 2511 dira.
616 2438 653 2499 ln
669 2439 720 2498 olel
735 2437 778 2499 est
793 2437 924 2501 varietas
938 2438 1106 2501 codicumr
1129 2441 1172 2502 A.
1188 2440 1227 2503 E.
1241 2441 1298 2504 Ve-

279 2552 346 2602 net.
362 2536 509 2623 Exempl.
524 2537 666 2601 Turneb.
681 2536 760 2601 dant
773 2537 872 2612 αὐτόςι
896 2539 941 2602 Ν.
956 2542 1043 2622 αὐτῷ.
1065 2537 1299 2603 Aldinavitioso

278 2641 333 2721 ἀεὶ,
350 2639 436 2727 quod
449 2642 608 2705 Jannotus
623 2639 758 2703 mutavit
771 2638 804 2702 in
817 2638 882 2702 alsi.

322 2765 355 2829 p.
368 2763 438 2828 103.
455 2742 497 2806 Α.
519 2746 567 2817 τῆς
587 2744 646 2828 γὰρ
662 2740 1012 2825 εὐλογιςῖας-Ὕενναῖαν.]
1038 2739 1125 2805 Vols.
1143 2755 1183 2806 et
1207 2741 1300 2807 Perit.-

278 2866 444 2931 perperam
467 2843 606 2927 εὐλογίας.
642 2843 694 2906 Est
714 2843 800 2906 enim
823 2841 965 2924 εὐλογιςία
987 2841 1111 2905 virtutis
1132 2865 1249 2909 nomen
1269 2845 1298 2907 in

278 2943 480 3032 philosophia
506 2944 754 3030 frequentatum.
791 2942 946 3007 Definitio
970 2941 1040 3028 ejus
1064 2942 1162 3009 estin
1186 2943 1301 3011 Stoboi

278 3045 429 3131 Epitomo
451 3046 574 3109 Ethicae
597 3045 791 3138 Stoicorum,
813 3041 866 3107 sed
894 3042 973 3106 mire
995 3057 1157 3128 corrupta,
1182 3066 1216 3131 p.
1234 3046 1297 3111 1⁶82

278 3145 365 3210 Edit.
382 3147 529 3211 Canteri:
553 3160 586 3210 et
599 3148 637 3209 T.
653 3146 698 3209 ll.
719 3164 752 3230 p.
771 3146 841 3208 106.
859 3143 920 3207 Ed.
938 3144 1110 3208 Hoerenii:
1134 3148 1298 3233 Eunomia

277 3249 305 3311 ii
329 3249 438 3332 (φασὶν)
459 3250 524 3329 elva!
537 3248 666 3330 ἐπιςῆμην
682 3249 900 3333 ἄνταναιρετικὴν
917 3248 939 3332 'i
958 3250 996 3327 μὴ
1011 3253 1234 3329 κεφαλαιωηκὴν
1249 3256 1297 3314 τῶν

276 3349 444 3433 γιγνομὲνων
457 3351 479 3436 r}
494 3349 719 3429 ἀποτελεμένωνε
744 3347 789 3411 nil
803 3348 966 3413 absurdius
978 3373 992 3411 t·
1009 3348 1185 3434 legendum
1200 3357 1297 3416 *irr-

277 3451 363 3532 ςῆμην
377 3450 438 3532 ἅμα
455 3454 615 3538 διαιςπικὴν
628 3452 649 3536 ᾖ
663 3454 993 3532 &rememoravit-s
1004 3450 1134 3535 scientia
1148 3450 1299 3518 dividendi

276 3561 305 3613 et
319 3550 474 3638 colligendi
495 3575 644 3615 numerum
661 3573 768 3629 rerum,
784 3574 853 3638 quae
866 3550 970 3614 debent
980 3550 1057 3636 fieri
1070 3561 1098 3613 et
1111 3551 1298 3636 ficiuntur:

276 3652 320 3717 est
340 3653 426 3715 enim
440 3674 459 3715 a
472 3651 636 3737 λογίζεθαμ,
656 3653 857 3738 computando,
874 3650 961 3738 quod
982 3651 1166 3717 continetur
1183 3652 1298 3742 duplici
1342 3707 1343 3710 ¹

275 3753 416 3818 universe
434 3753 550 3831 offici0‚
564 3759 604 3838 τῷ
618 3756 723 3839 διαιρεῖν
738 3751 784 3832 uel
798 3758 837 3838 τῷ
853 3757 1083 3835 ἁνακεφαλαιοῡν,
1100 3755 1262 3821 dividendo
1273 3768 1302 3835 ct

276 3853 447 3942 colligendo.
483 3853 925 3940 Diogeneslaertius‚011jus
944 3855 1111 3919 eliminas
1131 3856 1299 3945 diligenter
1331 3886 1334 3891 ·

275 3957 325 4022 vel
339 3954 480 4021 littorei
494 3967 602 4018 curata
615 3954 776 4041 Epitome,
791 3976 861 4018 eam
875 3955 995 4018 omittit
1017 3957 1094 4020 Vll.
1111 3977 1166 4044 93.
1190 3959 1224 4024 in
1239 3959 1299 4025 dis·
1330 3990 1333 3995 ·

221 4140 224 4145 .
274 4056 448 4121 tributione
469 4055 627 4142 φρονήσεως,
648 4054 700 4117 eui
719 4054 773 4117 illa
794 4054 933 4140 subjetia
946 4056 1009 4118 est:
1033 4069 1066 4119 et
1085 4057 1203 4126 Cioero
1223 4082 1298 4148 pru·
1328 4104 1347 4147 ᾖ.

274 4155 391 4219 dentiae
405 4167 511 4240 partes
525 4153 688 4218 recensens
703 4153 767 4217 off.
782 4155 810 4215 Ι.
825 4156 857 4216 6.
873 4155 1030 4237 eltaniae
1044 4156 1189 4225 universe
1201 4160 1236 4226 in
1249 4159 1300 4226 illa
1321 4148 1340 4239 [¹3⁴

273 4254 512 4341 compleatur,
541 4275 600 4321 noe
627 4253 669 4318 ad
695 4252 811 4319 Stoieae
838 4252 967 4320 rationis
994 4256 1205 4329 subtilitatem
1230 4280 1301 4335 ean
1320 4253 1350 4343 ἱ
