2700 4928
277 338 332 403 uu
352 298 879 414 sursssrmous.'1›.ros.s,r.
1015 351 1087 401 1021

138 519 167 562 rs
189 499 314 564 mentio
334 498 422 584 apud
443 501 576 565 Veteres
600 499 764 585 σιριάτίαν,
788 498 1023 564 amuletorum:
1054 502 1094 566 de

138 622 182 664 rus
197 600 273 665 alibi
288 600 380 664 nobis
393 599 454 664 erit
469 599 558 663 locus
572 599 709 664 dicendi.
740 602 839 664 Nunc
854 623 917 664 non
932 601 975 664 est
989 602 1093 688 negli-

138 700 192 765 lus
209 700 370 766 Plutarchi
383 700 474 764 locus
489 701 520 763 in
539 700 658 765 Pericle
679 721 712 786 p.
727 717 797 785 173.
813 702 854 764 A.
871 723 966 786 quem
981 703 1095 768 morbo

138 801 273 867 litatum
291 801 367 865 item
389 800 429 865 ad
454 800 540 864 istam
561 800 674 864 valenti
695 799 829 885 spretam
846 798 1094 885 superstitionem

138 902 257 967 endiffe
272 915 377 965 narrat
388 927 398 980 ;
425 902 533 965 testem
556 899 687 964 laudans
707 900 980 987 Theophrastumz
1003 907 1017 966 ὁ
1038 909 1095 988 pris

138 1021 228 1090 νρσςος
248 1006 345 1076 iureis
358 1005 460 1080 ἠθικοῖς
481 1002 645 1087 διαπορήσας
664 1007 686 1064 τί
703 1004 775 1088 πρὸς
793 1007 843 1077 τοὶς
860 1004 953 1088 σι’χας
966 1003 1093 1091 spiras-op

138 1114 181 1186 ὴ,
194 1111 217 1194 ’h
232 1108 372 1188 asscriptum
388 1111 444 1180 τοῖς
461 1113 515 1170 τῶν
535 1105 671 1189 carpsisset
689 1107 814 1170 πάθεσιν
831 1107 954 1187 ίξίςαταρ
966 1115 1014 1185 τῆς
1027 1114 1093 1194 ἄρν-

150 1208 270 1296 ίςίρηκνν
290 1207 330 1272 ὅτι
352 1214 435 1271 νοσῶν
455 1212 469 1269 ί
491 1213 628 1292 Περικλῆς
646 1207 850 1294 ἔτισκοτυμίνφ
867 1209 919 1271 wi
937 1209 1094 1292 τῶνφίλων

138 1336 154 1372 s
174 1309 320 1397 σορίατίον
339 1310 388 1372 ὑπὸ
407 1313 461 1371 τῶν
479 1313 615 1393 γυναικῶν
633 1313 672 1392 τῷ
689 1310 825 1394 τραχήλῳ
839 1309 1094 1395 οτιρνηρτημίνονοίς

138 1438 174 1496 ρα
186 1419 279 1486 κακῶς
295 1411 367 1497 ᾖρον
381 1411 458 1474 ίτίτι
472 1413 494 1497 ’h
508 1412 609 1487 ταύτην
622 1409 745 1492 ὑπομένοι
757 1414 805 1488 τὴν
816 1408 994 1496 οίὸιλτηρίοιν.
1127 1464 1131 1471 .

138 1512 186 1577 58.
200 1514 238 1576 Ε.
260 1515 315 1574 Τὸν
327 1510 535 1596 Τηρίὸαζομ]
560 1509 705 1575 Teribazi
719 1509 840 1574 clarum
859 1512 901 1574 est
920 1534 1036 1577 nomen
1058 1513 1092 1578 in

138 1662 142 1676 ,
173 1611 309 1675 ducibus
339 1626 373 1676 et
403 1611 532 1697 satrapis
564 1610 747 1675 Artaxerxis
784 1609 980 1691 Mnemonis,
1006 1613 1092 1699 apud

138 1738 164 1780 n
190 1714 300 1779 multis
332 1714 504 1779 benefastis
531 1714 697 1801 gratiosus,
719 1712 834 1778 deinde
861 1713 981 1800 Cyprio
1007 1715 1094 1781 bello

138 1815 249 1895 fectus,
270 1816 311 1879 ab
330 1816 451 1880 Oronte
473 1814 505 1878 in
529 1813 678 1877 invidiam
697 1813 864 1892 addudus,
880 1814 1092 1901 comprehen-

149 1914 329 2002 judicatus,
345 1914 534 2002 judicioque
557 1913 719 1979 absolutus
738 1913 801 1977 esta
825 1928 862 1978 ut
885 1914 1093 2000 cognovimus

138 2015 267 2081 liodoro
283 2015 391 2080 Siculo
407 2017 481 2080 XV.
499 2015 529 2078 8.
545 2013 608 2100 seq.
645 2016 728 2077 Eum
750 2012 1093 2099 comprehendentibus

144 2116 336 2203 opposuisse,
358 2138 397 2180 ex
416 2114 479 2181 alio
493 2138 596 2201 eoque
610 2113 777 2199 deperdito
791 2113 939 2200 scriptore
952 2115 1092 2182 sumtum

141 2218 269 2283 fortasse
281 2217 505 2302 Theopompo,
518 2238 614 2302 quem
627 2214 721 2279 latius
735 2215 867 2281 nanalle
880 2216 993 2302 parest
1008 2216 1093 2283 hanc

138 2340 264 2405 ,quam
282 2318 313 2382 in
336 2317 546 2383 brevissimum
568 2315 793 2403 compendium
815 2317 938 2405 redegit
951 2318 1093 2384 Phou'us

138 2419 250 2487 .Cod.
266 2418 449 2484 CLXXVI.

138 2522 187 2587 58.
204 2523 239 2584 F.
264 2525 364 2584 Ταῦτα
385 2517 714 2604 veizu-ximenes]
747 2518 942 2585 Trochaicus
959 2536 1095 2613 ¹apparet

138 2619 181 2687 rti
201 2635 324 2706 poetae:
347 2624 447 2682 Ταῦτα
466 2619 580 2703 στίχας,
600 2614 622 2681 ὦ
644 2617 822 2700 κακόδαιμον,
837 2624 868 2684 lx
880 2621 1022 2706 προνοίας,
1035 2622 1094 2703 Ka)

138 2723 352 2796 ίοντοςθτοῦ--.Ι
942 2798 945 2803 j

138 2822 186 2889 58.
202 2825 237 2887 F.
261 2822 354 2896 Μίδας
378 2827 390 2884 ί
411 2819 652 2902 σταλανὸς-αίμα
670 2819 759 2907 σαίρω
782 2819 882 2904 vinis]
908 2819 1094 2889 Plutarchus

138 2925 162 3012 ξ.
186 2921 321 2987 Flamin.
343 2944 377 3007 p.
395 2921 471 3006 380.
488 2923 525 2984 E.
551 2919 592 2984 de
614 2918 795 2984 Hannibale
819 2919 934 2983 famam
960 2920 1049 2987 fuisse
1074 2946 1095 2989 a

138 3022 253 3089 rusdam
272 3022 443 3108 proditam,
462 3019 649 3105 μιμησάμενον
671 3019 852 3103 Θεμνςοκλία
866 3021 887 3106 'h
902 3020 1007 3102 Μίδαν,
1022 3023 1094 3107 αίμα

138 3151 185 3191 ιον
197 3131 284 3188 orris.
322 3126 436 3188 Strabo
452 3126 477 3188 l.
494 3145 527 3209 p.
541 3126 613 3193 r06.
628 3124 654 3186 B
668 3149 677 3186 τ
700 3121 757 3187 sub
772 3123 931 3188 incursum
947 3124 1092 3193 Cimme-

138 3249 187 3293 ιω
201 3225 295 3290 Μίδαν
311 3226 382 3308 «ipsi
400 3251 428 3287 τι
445 3225 533 3311 corripe
551 3224 647 3287 τνίντα
662 3225 744 3305 φασίν
757 3228 884 3287 ἀπελθεῖν
897 3229 934 3300 τίς
946 3228 978 3290 sd
989 3227 1093 3313 χρνοίν·

150 3326 270 3412 repetit
284 3325 465 3389 Eustathius
478 3324 519 3388 ad
534 3323 643 3410 Odyls.
658 3327 697 3387 A.
716 3343 767 3405 14.
784 3345 817 3410 p.
835 3325 928 3407 1671.
946 3344 997 3390 ον.
1023 3327 1093 3392 Mi-

139 3428 262 3495 dicitur
281 3434 296 3491 ό
317 3430 448 3506 παλαιὸς,
471 3449 526 3512 per
547 3425 779 3506 excellentiam,
793 3428 867 3512 quia
887 3443 1003 3513 praeter
1018 3452 1094 3495 cum

138 3531 220 3615 osiea
233 3529 287 3594 alii
301 3529 508 3614 cognomines
528 3528 681 3591 suerunt:
705 3526 823 3614 de-qua
840 3529 1000 3594 Plutarchi
1013 3552 1093 3596 con·

138 3628 234 3696 udins
254 3629 330 3693 alibi
350 3629 506 3693 dicemus.
543 3629 586 3690 Et
600 3629 635 3701 ὥς
650 3626 718 3690 urar
732 3650 771 3691 ex
791 3626 931 3714 ejusdem
952 3630 996 3695 est
1017 3651 1094 3716 pro·

138 3742 216 3808 tate,
240 3751 299 3815 pro
321 3743 354 3804 ut
372 3729 492 3815 fertur,
516 3749 613 3813 quam
635 3726 812 3791 notavimus
836 3749 869 3813 p.
887 3748 943 3810 41.
967 3729 1008 3794 C.
1043 3731 1096 3796 Do

138 3829 279 3903 miliocle
292 3829 377 3894 idem
391 3852 494 3916 genus
510 3827 623 3891 mortis
637 3827 798 3913 proditum
814 3829 952 3894 constat:
975 3829 1096 3916 dequo

138 3953 214 3997 mus
227 3929 269 3994 ad
282 3929 352 4016 ejus
368 3931 476 3995 Vitam
496 3949 530 4014 p.
549 3927 621 3994 128.
637 3929 680 3992 A.
715 3926 846 3992 Taurini
860 3927 1019 4014 sanguinis
1032 3929 1096 3996 vim

138 4033 166 4098 it
178 4030 383 4097 Dioscorides
396 4029 549 4115 Alexiph.
564 4029 690 4094 XXIV.
702 4026 839 4113 indeque
855 4027 974 4092 Plinius
986 4028 1097 4118 attigit

138 4132 229 4196 VIII.
243 4151 299 4213 41.

138 4232 186 4297 58.
203 4233 239 4296 F.
261 4229 455 4315 Ἀρνςίδημος]
480 4226 571 4293 Bello
592 4226 708 4312 primo,
728 4224 961 4292 Aristodemum
979 4229 1095 4298 Messe-
1208 4270 1211 4275 ·

1104 4660 1109 4675 p
1166 4512 1320 4642 t·
