2700 4928
244 338 470 401 consonam
484 341 836 403 nonromomum.
851 342 998 419 paren
1078 351 1136 416 γυ

138 497 254 564 tdinem
272 501 461 568 Plutarchus
481 503 515 568 in'
529 504 605 569 Vita
619 505 746 571 Periclis
765 498 1000 592 p.17n.c,1),
1022 506 1043 570 ss
1062 507 1136 592 qui·

138 621 181 664 rm
196 601 324 667 easdem
347 627 395 669 res
416 604 538 670 diverso
558 605 636 671 locis
658 605 771 672 eodem
790 606 888 672 modo
902 607 1018 672 referre
1034 607 1135 689 solet,

138 722 143 765 :
164 701 262 767 facile
280 710 432 790 appareat
444 728 519 771 eum
539 706 635 772 libelli
650 706 758 794 hujus,
776 708 816 773 ad
835 707 1045 794 Apollonium
1059 709 1134 772 scri·

138 803 290 889 i,pollea
306 806 432 892 judicio
452 820 486 871 et
507 823 602 873 aetate
621 809 792 874 maturiore
807 810 924 874 nullam
939 830 1135 896 magnopere

138 902 267 970 tionem
285 907 435 972 habuisse.
472 910 514 973 Et
528 909 614 995 quod
636 909 698 974 hoc
719 908 792 975 loco
813 910 942 989 dicitur,
965 911 1042 986 net,
1062 915 1136 994 perol

138 1007 381 1092 ημσαγῖιλίαν
396 1009 556 1098 ἀμφοτέρων
571 1020 625 1074 τῶν
645 1010 719 1075 olion
738 1013 814 1075 οὐδὲν
831 1011 902 1089 lnior
919 1017 995 1074 κατὰ
1015 1013 1046 1075 τὸ
1066 1005 1134 1076 arri·

138 1128 179 1169 ιον
198 1107 259 1182 ἔθος
274 1109 468 1190 ἰςεφανωμένον
483 1110 528 1189 καὶ
542 1117 756 1196 λευχρμονέντα
771 1114 979 1198 δημηγορεῖμ·
1001 1111 1133 1176 temeri·

138 1219 209 1274 tem
224 1208 342 1275 habere
355 1209 620 1295 deprehendatur.
654 1213 753 1292 Nam,
772 1217 846 1293 μετὰ
865 1217 912 1291 τὴν
924 1212 1134 1300 ngooaylmsar

138 1308 268 1394 mrim
287 1310 446 1390 enolto,
467 1312 527 1398 post
539 1313 675 1376 nuntium
694 1313 844 1401 virilesque
854 1313 935 1401 filii,
950 1336 1020 1378 eam
1037 1314 1135 1380 habet

138 1409 462 1497 gnificationemfilior
477 1412 573 1498 obiiffe
588 1438 607 1476 a
617 1424 705 1500 patre
719 1412 859 1500 absentes,
875 1414 964 1501 quod
975 1416 1065 1479 secus
1078 1417 1134 1496 est,

138 1509 229 1600 uippe
250 1517 372 1580 constat
392 1538 446 1581 eos
468 1517 605 1582 Athenis
626 1519 708 1604 pelle
729 1517 851 1582 obiisse:
875 1540 949 1582 nam
964 1518 1050 1603 quod
1070 1520 1136 1604 ipse

138 1612 210 1681 'flio
224 1616 340 1681 soloeca
353 1619 407 1697 est,
425 1641 510 1682 nunc
526 1619 811 1704 pretermittimus,
826 1618 978 1705 siquidem
994 1631 1081 1683 totus
1094 1619 1135 1683 li·

138 1715 215 1782 ellus
228 1720 384 1784 curiosam
400 1721 497 1784 habet
511 1720 782 1807 composrtionem.
820 1722 857 1785 lu
878 1720 968 1786 lustu
983 1734 1066 1785 atrae
1081 1743 1136 1786 re·

138 1838 170 1885 a
181 1817 324 1899 indutor,
339 1821 441 1884 nullas
456 1821 553 1907 capiti
568 1843 700 1886 coronas
712 1822 838 1907 gestasse
852 1822 1061 1887 Athenienses
1075 1846 1135 1891 oo·

138 1919 236 1984 hnurr
257 1922 483 1987 concionantes
498 1922 624 1988 coronis
637 1923 743 2008 capita
759 1922 863 1987 cinsia
876 1922 1026 2003 habuisse,
1041 1923 1137 2011 idque

138 2020 218 2085 coria
231 2022 319 2107 patrii
333 2023 433 2102 luisse,
447 2024 555 2088 minus
569 2024 730 2088 novimus:
749 2037 834 2088 certe
848 2023 1137 2114 minus‘pervulga.

138 2142 188 2186 om
210 2136 244 2187 et
263 2122 449 2190 disertorum
471 2125 690 2211 exemplorum
717 2123 810 2210 copia
833 2126 1055 2191 confirmatum
1081 2128 1136 2193 est.

138 2227 268 2292 ittamen
297 2251 337 2294 ex
360 2229 570 2315 Aristophane
590 2228 822 2315 Thesmophor.
849 2230 924 2313 387.
956 2244 990 2294 et
1016 2230 1136 2298 Eccles.

138 2338 189 2407 [30.
208 2326 272 2391 hoc
288 2327 493 2393 verisrmiliter
507 2328 616 2414 colligi
627 2327 773 2392 ¹ridetur:
797 2341 831 2393 et
845 2341 882 2392 ut
896 2328 1071 2396 institutum
1085 2353 1138 2397 re·

138 2423 192 2491 ulit
205 2428 328 2493 Petitur
342 2431 421 2516 leg.
436 2429 539 2494 Attio.
555 2449 589 2514 p.
602 2447 674 2515 293.
696 2427 879 2492 Archontes
892 2443 925 2492 et
938 2429 1138 2517 magistratus

138 2544 249 2594 temnas
270 2531 398 2616 gestasse
419 2532 559 2596 constat:
586 2554 615 2593 v.
629 2554 658 2594 c.
676 2551 715 2593 ex
737 2530 950 2595 Demosthene
972 2532 1137 2598 0r.-Adv.

138 2619 326 2695 lheocrinem
349 2652 382 2715 p.
400 2651 475 2715 511.
500 2635 542 2695 A.
583 2629 752 2694 Scholiaste
777 2630 937 2715 Aristoph.
960 2633 1040 2696 llan.
1061 2652 1138 2718 333.

138 2725 223 2815 lqnit.
245 2737 320 2818 960.
349 2735 446 2818 Vesp.
470 2735 543 2816 857.
582 2731 752 2796 Plutarcho
774 2731 865 2815 Reip.
887 2731 963 2794 Ger.
986 2733 1138 2817 l‘raecept.

139 2831 236 2917 p813.
252 2835 292 2897 E.
317 2835 390 2897 816.
406 2837 449 2897 A.
487 2833 561 2897 Alia
583 2833 681 2897 etiam
704 2829 806 2894 adscrt
828 2830 868 2894 C.
890 2829 1066 2896 Paschaliua
1086 2832 1139 2898 De

140 2927 253 2997 Coronis
269 2935 327 2999 lV.
346 2954 395 3014 14„
432 2936 517 2998 Nam
532 2934 564 2997 in
580 2932 676 3011 sellia,
692 2931 833 3008 resecta,
849 2929 1009 3010 conviviis,
1024 2931 1138 2998 solem·
1250 2980 1255 2993 .

138 3049 195 3096 nem
207 3035 294 3099 luisse
315 3057 504 3100 coronarum
518 3037 622 3113 usum,
640 3055 735 3097 nemo
757 3031 848 3096 facile
862 3030 999 3118 ignorat.
1036 3034 1140 3120 Igitur

138 3134 266 3201 (rudibile
287 3137 342 3215 est,
367 3121 529 3214 Periclem,
549 3158 613 3199 non
633 3148 699 3197 tam
721 3132 824 3218 patrio
843 3132 987 3197 omnium
1008 3136 1139 3200 concio·

138 3238 262 3302 nntium
280 3260 382 3317 more,
400 3260 497 3324 quam
515 3237 564 3301 vel
577 3234 689 3321 -patrio
710 3255 798 3298 more
811 3234 1072 3319 magistratuum,
1090 3236 1140 3302 vel

138 3338 205 3422 prod
224 3354 301 3403 tunc
320 3339 537 3425 magistratum
556 3337 694 3422 aliquem
712 3349 849 3422 gereret,
865 3335 913 3400 vel
934 3336 990 3400 suo
1011 3338 1140 3424 proprio

138 3438 311 3527 ningulari
326 3462 426 3518 more,
443 3443 631 3502 coronatum
646 3435 815 3500 conciones
827 3435 976 3501 habuisse.
998 3439 1139 3520 Etenim,

138 3541 205 3626 {uod
225 3542 304 3607 item
332 3564 371 3606 ex
394 3541 520 3607 Valerio
547 3539 692 3607 Maximo
716 3539 862 3604 novimus
881 3539 926 3602 ΙΙ.
946 3543 978 3603 6.
1002 3541 1075 3605 Ext.
1096 3556 1138 3627 5:

138 3641 335 3727 Abenierfium
350 3643 455 3707 civitas
475 3643 558 3706 bonos
573 3641 650 3706 ciocs
665 3665 770 3736 corono³
784 3641 942 3704 decorandi
960 3641 1053 3729 primo
1072 3666 1140 3706 con·

138 3744 295 3809 'tudinem
314 3744 489 3823 introduxit,
510 3743 620 3806 dnobus
638 3741 709 3806 oleae
730 3743 863 3806 connexis
883 3742 1007 3805 romulis
1028 3740 1141 3806 clarum

138 3844 241 3910 Dariolis
260 3845 401 3933 cingendo
421 3857 562 3932 caput—.
600 3846 693 3907 Hanc
715 3866 793 3931 ergo
814 3866 963 3908 coronam
985 3857 1140 3930 perpetuo

138 3947 294 4030 piaverit,
316 3969 389 4011 cum
413 3946 542 4011 honoris
557 3945 670 4025 caussa,
694 3960 761 4009 tum
777 3946 900 4011 fortasse
914 3945 955 4010 ad
969 3944 1139 4033 tegendam

138 4048 230 4136 epitia
249 4050 498 4129 deformitatem,
513 4073 609 4137 quam
631 4050 664 4113 in
684 4071 723 4112 eo
744 4062 777 4112 et
800 4048 925 4113 Comici
945 4048 1087 4125 riserunt,
1107 4061 1141 4112 et

138 4173 278 4240 gnorum
299 4154 432 4217 artifices
454 4154 544 4240 galea
566 4153 708 4238 impolita
728 4150 970 4228 diffimulabant‚
985 4161 1022 4212 ut
1036 4148 1142 4234 prodit

138 4252 308 4320 lutarcbua
330 4253 448 4320 Pericle
474 4275 507 4342 p.
524 4274 595 4342 153·
632 4251 732 4317 Haud
751 4253 840 4319 secus
861 4269 899 4315 ac
913 4249 1017 4337 postea
1039 4248 1144 4319 Cesar

171 4374 264 4423 vor..
277 4373 331 4422 vr.
626 4372 678 4440 ga
