2700 4928
228 280 1057 410 sumusauunr.convtv.p.ma.n-rm.c.
1106 340 1164 405 9⁵⁸

138 495 282 575 Μᾶλν.
318 497 439 565 Retulit
457 496 491 562 in
505 488 661 563 Anale8ta
674 498 734 563 Gr.
750 499 839 562 Poet.
854 497 1035 563 Brunckius
1048 502 1125 567 Vol.
1138 505 1167 569 l.

138 619 173 684 p.
185 598 243 679 48.
266 598 376 663 omiffa
395 599 494 663 fontia
507 611 541 664 et
554 599 722 664 Amtnonii
740 598 914 664 mentione.
949 600 1168 688 Aristophanis

138 697 290 786 Byzantii
303 698 491 787 {iugularem
507 698 627 765 librum
641 699 730 764 fuilse
746 701 814 787 vrpl
834 705 882 776 τῆς
893 701 1045 786 ἀχνυμένης
1057 706 1166 769 exora.

138 813 199 879 m,
215 799 366 865 discimus
380 823 420 866 ex
433 800 594 867 Athenaeo
610 801 672 864 ΙΙΙ.
687 821 720 886 p.
733 800 785 884 85.
800 802 836 864 F.

182 918 257 986 152.
273 902 312 965 E.
333 903 367 964 ri
382 899 633 987 ωρνσὸὖτατομ]
662 900 860 987 superlativa
872 902 1050 988 quaestionis
1067 905 1169 972 forma

138 1018 173 1071 et
193 1025 379 1089 congruens
398 1003 558 1089 sapientire
574 1001 670 1067 seculi
690 1001 788 1081 illiue,
808 1015 846 1068 ut
866 1025 938 1067 vere
958 1005 1056 1069 tradit
1076 1009 1168 1072 Jam-

138 1106 269 1172 hlichua
290 1107 360 1173 Vrt.
376 1107 514 1194 Pythag.
537 1107 569 1189 ξ.
586 1108 638 1192 83.
660 1120 695 1173 et
716 1107 894 1173 notavimus
915 1109 948 1174 in
970 1111 1109 1179 Exordio
1127 1113 1169 1179 ad

138 1229 173 1297 p.
191 1211 264 1290 146.
276 1210 316 1274 Β.
1158 1238 1165 1247 ·

138 1365 140 1370 ,
182 1333 217 1397 p.
235 1331 306 1396 153.
319 1310 363 1374 A.
385 1310 606 1398 ἀποκρινάμενος]
633 1309 815 1397 Requiritur
833 1317 846 1374 i
865 1313 1084 1400 ἀποκρινάμενος·
1107 1317 1168 1405 fig-

139 1413 289 1480 nificatur
302 1413 388 1476 enim
404 1414 471 1477 Rex
484 1411 673 1498 AEthiopire,
689 1433 753 1475 non
768 1412 901 1477 Amatis.

186 1534 261 1600 153.
276 1515 315 1578 Β.
337 1513 465 1600 ὀχρόννς
485 1520 541 1587 πῶς
560 1510 594 1575 ἂν
616 1511 654 1590 εἴη
675 1510 904 1599 σρεσέὑτατνη]
928 1518 1169 1602 Argumentum

138 1641 160 1684 a
183 1615 358 1684 Plutarcho
379 1614 551 1680 metatum
574 1612 660 1678 Adv.
684 1612 809 1680 Stoicos
835 1636 868 1701 p.
894 1617 987 1682 1081.
1012 1617 1052 1697 C,
1065 1618 1111 1683 D.
1136 1635 1170 1686 et

140 1720 240 1786 1082.
256 1721 299 1795 A,
310 1717 350 1783 B.

184 1837 262 1906 153.
278 1821 317 1884 B.
340 1821 363 1881 ri
375 1816 403 1881 δέ
416 1820 526 1903 φῶς-]
554 1817 762 1903 Compositio,
785 1840 880 1905 quam
902 1818 1078 1887 voluimus:
1106 1827 1129 1885 o
1143 1826 1171 1888 tt

138 1925 173 1991 νδ
191 1931 249 2006 φῶς
267 1922 365 1999 καλὸν,
386 1918 477 2005 ὥσπερ
496 1921 563 1998 fifh,
587 1920 700 2001 ἐνόμιζε,
717 1920 776 1982 usu
791 1920 988 2006 Scriptorum
1007 1924 1171 2008 probatur.

138 2022 336 2095 Plutarchus
351 2022 477 2087 Catone
491 2020 573 2107 Maj.
589 2041 622 2106 p.
635 2035 710 2105 355.
723 2023 774 2086 A:
790 2025 812 2082 11
827 2022 854 2083 δὲ
867 2021 994 2108 λαμπρόν
1003 2028 1069 2102 ico,
1080 2023 1172 2114 ὅστις

138 2127 209 2203 Ιςὶν,
229 2121 307 2210 ἄρτῳ
330 2147 362 2185 τε
384 2123 539 2208 miralias
561 2125 605 2206 τῷ
624 2120 827 2206 προστυχόντι.
865 2119 1021 2187 Cicerone
1042 2124 1116 2208 887.
1134 2127 1172 2189 B'.

138 2225 239 2293 Plura
252 2222 309 2288 dat
320 2224 386 2288 Jer.
403 2219 616 2286 Marklanduo
630 2219 672 2284 nd
685 2218 819 2284 Maxim.
834 2220 912 2309 Tyr.
926 2243 959 2307 p.
970 2223 1045 2307 ⁶782
1058 2225 1097 2290 B.
1113 2225 1172 2291 ha-

138 2326 199 2395 het
211 2324 255 2389 ὅτι
269 2345 327 2411 pro
339 2321 443 2410 ὥσπερ.

187 2444 264 2512 153.
280 2424 321 2489 C.
344 2429 374 2488 ori
394 2430 453 2511 γὰρ
471 2422 504 2488 ἂν
519 2421 673 2506 μντέντνπῖνν
689 2422 795 2510 ῥᾳδίως,
810 2422 893 2499 οὕτως
907 2423 1070 2513 ἔχυςᾶτατον
1086 2425 1169 2514 οὖσα]

141 2530 246 2596 Pravo
259 2526 493 2613 interpunhiio:
516 2548 645 2591 comma
657 2528 725 2612 post
739 2525 821 2601 οὕτως
835 2528 1032 2612 ponendum,
1047 2542 1086 2594 ut
1099 2531 1174 2595 red·

141 2629 195 2697 dit
214 2628 393 2707 Cruserius,
409 2641 442 2692 et
458 2627 586 2692 monuit
600 2627 749 2692 Reilkius.
785 2630 989 2715 Quamquam
1009 2630 1091 2705 οὕτως
1105 2636 1173 2717 ἰχν-

146 2732 271 2816 pirates,
282 2729 332 2814 stc
347 2727 560 2814 robastffmus,
580 2741 614 2792 et
634 2727 798 2814 adjuntlio
817 2729 1041 2814 particularum
1064 2730 1173 2817 hujus·

149 2832 235 2898 modi
254 2831 295 2897 ad
319 2830 565 2917 superlativum,
588 2852 651 2894 non
674 2829 827 2915 exemplis
845 2843 974 2895 carent:
998 2844 1036 2895 ut
1051 2831 1175 2897 erudite

153 2932 243 3000 docet
263 2932 459 2998 Abreschius
478 2930 648 2996 Animadv.
669 2930 701 2995 in
721 2930 865 3017 AEschyl.
882 2932 909 2994 l.
930 2953 964 3018 p.
981 2951 1052 3019 133.
1066 2945 1100 2997 et
1112 2934 1175 2998 Di·

154 3032 246 3102 lucid.
261 3032 411 3120 Thucyd.
426 3055 459 3119 p.
473 3033 546 3118 778.

194 3155 265 3225 153.
282 3138 322 3202 C.
345 3136 535 3210 θάνατος-οὖ
549 3135 608 3223 γάρ
622 3140 662 3208 ἰςν
682 3137 755 3221 πρὸς
771 3137 833 3210 τοὺς
847 3138 974 3222 girmac]
1001 3138 1174 3203 Probabili-

162 3248 201 3304 ter
213 3240 290 3305 fecit
305 3238 450 3324 scriptor,
464 3237 551 3323 quod
565 3260 629 3300 non
647 3251 751 3301 totum
773 3236 851 3301 illud
867 3238 898 3301 in
913 3238 1081 3304 Thaletem
1096 3262 1176 3306 con-

163 3341 225 3408 tulit
237 3341 461 3430 pervulgatum
476 3339 509 3402 in
526 3338 786 3424 philosophorum
810 3340 924 3404 scholio
942 3345 955 3403 ὁ
974 3341 1094 3417 θάνατος
1106 3346 1177 3407 οὐδὲν

163 3448 225 3532 πρὸς
245 3451 318 3528 ἡμᾶς
342 3465 382 3508 en
404 3442 561 3528 Epicurea
584 3441 755 3506 sententia:
787 3441 874 3527 quod
897 3443 1059 3529 proditum
1081 3447 1178 3510 exstat

164 3547 238 3631 apud
258 3548 441 3634 Diogenem
462 3549 569 3610 Laert.
590 3547 632 3609 X.
648 3566 702 3632 39.
740 3547 946 3611 Plutarchum
963 3548 1008 3610 11.
1033 3571 1065 3635 p.
1084 3567 1177 3633 1003.
1257 3592 1264 3607 .

164 3643 202 3711 l).
223 3669 317 3735 1005.
332 3652 366 3714 F.
380 3648 435 3712 ubi
449 3648 541 3734 plura
556 3648 747 3712 notabimus.

201 3769 270 3836 153.
288 3750 328 3815 C.
351 3749 390 3812 Τι’
402 3746 606 3834 πρνσὲύτατοη
628 3750 701 3826 θεὸς,
725 3748 770 3830 ἔφη
791 3750 902 3828 Θάλης·
928 3749 1073 3833 ἀγέννητον
1091 3751 1176 3838 γάρ]

163 3847 202 3916 Et
219 3853 281 3918 hoc
303 3851 509 3938 probabiliter
527 3850 653 3914 Thaleti
679 3851 847 3928 tribuitur3
877 3851 1026 3938 siquidem
1054 3851 1123 3915 haec
1147 3851 1180 3915 in

165 3950 226 4038 ejus
238 3952 578 4039 Apophthegmatibus
592 3952 785 4031 ferebantur,
802 3953 876 4016 teste
889 3952 1038 4039 Diogene
1054 3952 1181 4018 Laertio

166 4051 190 4116 l.
201 4068 260 4139 351
287 4054 395 4139 φέρετον]
419 4056 446 4115 δὲ
467 4057 550 4116 αὐτοῦ
570 4052 779 4137 ἀποφθίγμνιτα
800 4055 876 4117 τάδε.
914 4050 1112 4143 Πρνσὲᾀτατον
1128 4063 1182 4119 τῶν

166 4150 237 4218 bor
255 4157 326 4229 erl,-
350 4154 493 4239 ἀγέννητον
511 4153 580 4241 γάρ.
613 4154 759 4227 Κάλλνςον
773 4154 884 4236 κόσμος·
908 4152 1019 4234 ποίημα
1033 4159 1091 4243 γὰς
1106 4161 1180 4221 θεοῦ.

167 4256 296 4343 Μίγνςον,
316 4258 406 4332 τόπος·
430 4253 539 4323 ἅπαντα
560 4260 619 4343 γὰρ
635 4260 734 4343 χωρεῖ.
770 4257 897 4343 Τᾶχνςνν
915 4263 982 4331 νοῦς·
1011 4258 1055 4320 διὰ
1076 4261 1183 4332 παντὸς
