2700 4928
163 338 243 400 1146
356 337 396 396 D:
405 339 456 396 W.
476 335 685 397 ANIMADV.
707 333 756 394 IN
776 331 1018 394 PLUTARCHI

161 514 228 567 tur.
265 500 371 589 igitur
383 513 512 565 acutam
530 498 619 564 illam
634 501 801 564 laconum
824 483 1120 585 breviloquentiam
1140 514 1196 559 non

162 602 262 668 modo
283 601 471 667 Plutarchus
492 601 563 666 aliie
585 602 619 664 in
642 600 729 665 libris
750 598 897 678 subinde,
912 597 1017 663 etalii
1040 597 1198 684 scriptore·

164 705 347 790 frequenter
366 702 549 781 laudarunt,
566 725 701 789 quorum
722 701 810 765 locos
830 699 980 766 exhibuit
998 702 1030 766 J.
1049 699 1198 764 Meurfiut

30 875 38 889 .
164 805 197 870 in
218 805 354 871 Misceli.
373 806 496 870 Lacon.
512 807 574 869 111.
589 825 631 890 3:
656 804 708 869 sed
725 818 758 869 et
779 802 940 889 principes
962 801 1158 868 audontate
1171 815 1199 864 et

164 906 296 994 ingenio
312 907 402 971 Plato
415 920 448 971 et
469 905 673 971 Aristoteles:
697 905 751 970 ille
772 905 805 969 in
827 905 1001 970 Theaeteto
1024 926 1060 991 p.
1079 923 1151 990 130.
1165 901 1197 966 C.

167 1007 340 1093 Protagora
361 1027 395 1092 p.
412 1009 486 1076 260.
506 1008 549 1072 G.
578 1007 660 1093 Leg.
682 1008 708 1070 l.
734 1028 768 1093 p.
783 1022 861 1092 572.
877 1007 929 1070 A:
960 1004 1017 1069 hic
1041 1004 1197 1070 Rhetoric.

165 1108 212 1172 11.
225 1127 276 1173 21.
293 1108 347 1172 ilia
361 1106 444 1172 dida
460 1108 522 1172 hoc
538 1106 606 1193 ipso
620 1107 751 1172 nomine
764 1105 917 1194 appellat,
931 1105 1058 1195 appetis
1073 1107 1103 1169 u
1115 1110 1142 1169 ἓν
1152 1109 1198 1179 τοῖς

163 1210 291 1285 τοιούτοις
306 1208 352 1288 καὶ
365 1215 403 1272 τὰ
416 1214 568 1273 Λακωνικοὶ
581 1209 846 1295 &medimnum

209 1312 282 1378 208.
296 1313 334 1376 B.
357 1311 678 1398 Arminium]
713 1314 779 1376 Rex
801 1310 863 1375 fuit
885 1307 1023 1397 Olymp.
1041 1310 1197 1375 XXXIX.

167 1433 197 1480 1.
213 1413 448 1500 quinquaginta
462 1414 566 1495 annis,
581 1412 754 1478 secundum
769 1412 907 1478 rationes
922 1411 1082 1493 iarcheri
1099 1411 1197 1477 Chre

165 1513 276 1601 nolog.
306 1513 466 1579 Hemdot.
488 1516 582 1581 Tom.
604 1517 681 1579 Vll.
706 1536 740 1603 p.
758 1531 843 1600 501:
875 1513 1010 1578 Meurfii
1034 1515 1069 1577 in
1093 1515 1199 1600 Regna

164 1616 283 1683 Laced.
299 1617 408 1680 xv11.
432 1640 464 1704 p.
480 1618 540 1702 78:
565 1617 666 1705 igitur
680 1616 809 1705 aequalis
824 1616 887 1681 fuit
906 1618 985 1683 VII.
1011 1617 1198 1704 Sapientum

165 1719 274 1798 tetati3
298 1740 357 1783 nec
380 1733 487 1784 tamen
508 1718 723 1809 Philopbanem
745 1719 925 1807 Sophistam
939 1718 1019 1784 aiibi
1039 1720 1198 1806 proditum
1232 1768 1235 1773 -

165 1819 382 1885 meminimus.
419 1820 659 1908 Mnefiphilum,
675 1820 863 1886 familiarem
885 1819 1015 1886 Solonis
1037 1820 1198 1886 auderem

164 1921 254 1987 fuisse
267 1921 422 2011 ejusmodi
438 1922 580 2002 rationis,
603 1945 623 1987 a
639 1945 704 2010 qua
723 1924 829 2009 postea
847 1920 1009 2010 Sophistae
1023 1922 1199 2010 appellato·

163 2023 236 2103 effe,
252 2023 358 2111 prodit
373 2023 561 2089 Plutarchus
576 2025 608 2089 in
627 2023 838 2090 Themistocle
858 2046 893 2111 p.
909 2042 983 2089 112.
999 2024 1036 2089 D
1049 2049 1058 2089 ο
1083 2023 1137 2090 sed
1151 2023 1198 2112 ip·

163 2123 232 2190 sum
247 2123 399 2190 Solonem
417 2125 500 2190 inter
516 2125 727 2192 Athenienses
747 2124 887 2212 primum
908 2123 1055 2214 sophista
1075 2148 1196 2213 eogno-

162 2249 236 2292 men
251 2227 414 2313 accepisse,
430 2242 534 2292 narrat
550 2227 703 2293 Isocrates
716 2229 806 2294 Orat.
819 2229 872 2294 De
884 2230 1064 2294 Permutat.
1079 2251 1114 2317 p.
1122 2247 1195 2318 591.

162 2326 266 2414 Cujus
280 2326 324 2391 rei
339 2326 416 2392 fides
431 2326 628 2393 cuicuimodi
643 2329 692 2406 iit,
707 2343 746 2393 ut
763 2351 881 2394 nomen
896 2327 960 2394 hoe
975 2349 1041 2394 non
1057 2328 1195 2395 cadatin

113 2490 117 2501 ,
161 2440 290 2513 tempus
304 2424 513 2493 adolescentia
528 2427 703 2515 Agaiiclis;
727 2451 792 2494 non
807 2429 959 2495 abhorret
981 2451 1001 2493 a
1021 2429 1195 2497 eonsuetu-

161 2530 236 2596 dine
250 2532 445 2618 posterorum
459 2544 497 2595 ut
511 2531 642 2597 dodum
658 2531 823 2598 hominem
837 2531 917 2597 alios
931 2530 1121 2612 docentem,
1136 2532 1194 2597 sue

160 2652 250 2698 more
265 2631 368 2697 etatis
383 2630 546 2721 Sopbistam
563 2648 724 2698 vocarent.

204 2733 279 2800 208.
293 2733 332 2798 B.
354 2732 407 2820 5.]
435 2733 621 2815 Homerice,
637 2734 746 2822 odyff.
764 2734 801 2798 B.
813 2750 867 2819 47.
881 2748 916 2799 et
930 2732 1019 2816 alibi,
1032 2739 1194 2800 Τοῖσδοοοο

159 2830 313 2915 flavinae,
321 2839 420 2922 πατὴρ
434 2837 455 2897 δ’
469 2837 503 2910 ὥς
518 2836 591 2913 ἤπιος
605 2833 659 2913 ἦεν.

203 2940 277 3003 οο8.
288 2939 327 3002 Β.
350 2938 593 3004 ΑΓΗΣΙΛΑΟΥ
605 2943 690 3002 Tot
703 2940 933 3025 Memnon]
961 2939 1091 3004 Horum
1107 2941 1191 3028 Apo·

158 3037 410 3127 phthegmatum
433 3041 545 3106 decem
564 3041 671 3129 priora
692 3064 756 3107 non
780 3042 933 3130 leguntur
954 3043 987 3108 in
1010 3044 1090 3111 Vita
1105 3045 1190 3134 Age·

160 3139 236 3206 filai.

201 3242 281 3309 208.
291 3242 331 3307 C.
353 3243 409 3329 72]
436 3247 484 3309 Ex
498 3245 613 3310 eodem
628 3246 776 3332 exemplo
790 3246 924 3312 dudum
939 3247 983 3313 est
998 3248 1141 3314 Socratis
1153 3247 1190 3314 ad

158 3345 285 3434 Lysiam
305 3346 501 3432 responsum,
520 3346 607 3434 quod
628 3346 771 3432 prodidit
791 3348 907 3414 Cicero
921 3350 974 3415 De
987 3350 1079 3415 Orat.
1096 3351 1123 3415 1.
1133 3367 1189 3437 543

161 3448 343 3536 Quinetiam,
370 3472 459 3536 quum
484 3450 511 3513 ei
527 3449 673 3538 scriptam
696 3450 854 3515 orationem
875 3451 1077 3539 disertiffimas
1099 3464 1191 3518 orator

158 3550 263 3638 Lystas
283 3549 438 3638 attulistet,
461 3576 562 3641 quam,
577 3553 611 3640 ſs
628 3554 655 3617 ei
678 3553 844 3632 videretur,
865 3555 1012 3640 edisceret,
1034 3568 1069 3619 ut
1087 3581 1122 3620 ea
1139 3570 1189 3645 pra

145 3656 187 3743 se
199 3656 231 3720 in
242 3653 361 3744 judicio
374 3666 516 3736 uteretur,
537 3681 595 3721 non
615 3656 729 3721 invitus
747 3655 832 3744 legit,
848 3668 876 3720 et
893 3659 1038 3722 commode
1047 3659 1189 3747 seeiptem

158 3758 212 3845 effe
230 3756 330 3822 dieii:
355 3755 425 3837 Sed,
444 3757 555 3846 inquit,
572 3771 607 3822 ut
616 3759 652 3845 fi
663 3758 736 3822 mibi
753 3758 860 3824 calceos
878 3758 1023 3846 Sidonios
1037 3761 1189 3850 attuliffes,

155 3884 215 3926 οοοο
236 3872 344 3942 uterer,
368 3861 507 3949 quamuis
533 3862 620 3947 effen!
643 3860 756 3925 habiles
779 3875 807 3926 et
830 3862 894 3950 apti
915 3862 960 3925 ad
979 3864 1097 3951 pedem,
1119 3863 1188 3951 qaia

155 3987 213 4030 οοοοι
228 3965 315 4052 effen!
328 3962 432 4028 viriles
442 3990 452 4028 ε
463 3965 511 4051 ſse
530 3963 616 4027 illam
635 3965 793 4028 orationem
814 3966 952 4052 disertam
961 3966 1028 4053 fibi
1045 3979 1074 4032 et
1092 3979 1188 4033 οοοίο·

155 4065 234 4130 riam
246 4064 357 4146 videri,
370 4066 485 4152 sortem
500 4077 528 4127 et
540 4063 658 4128 virilem
672 4090 731 4130 non
744 4067 855 4132 videri.

199 4169 273 4234 208.
291 4168 331 4235 C.
350 4168 398 4255 d]
423 4167 561 4235 Videtur
574 4188 613 4231 ex
628 4168 798 4255 Euripiden
812 4169 911 4253 dido,
924 4173 1087 4258 pruverbii
1100 4172 1188 4239 instar

62 4260 64 4264 ’
155 4269 319 4360 usupato,
342 4269 491 4351 manaffe,
515 4267 571 4357 qui
591 4269 687 4336 estin
707 4271 890 4361 Hippolyto
908 4276 993 4345 6122
1016 4278 1058 4342 Ἡ
1077 4275 1186 4363 γλῶσσ·

406 4540 532 4576 Δ.
