2700 4928
220 345 299 399 1114
410 337 450 396 D.
458 337 509 397 W.
531 332 738 399 ANIMaDv.
759 337 808 397 IN
827 330 1068 398 PLUTARCHI

218 500 305 579 alibi,
327 502 379 565 De
394 500 451 565 Sui
469 498 578 565 Laude
598 523 630 588 p.
646 516 722 587 540.
739 502 782 566 D.
820 500 912 587 Reip.
925 503 1007 568 Ger.
1022 504 1124 567 Praec.
1137 516 1249 589 pm.

219 607 258 671 E.
288 602 434 668 AElianus
450 604 523 666 Var.
547 604 628 667 Hist.
645 605 741 668 XIII.
756 623 811 686 41.
833 604 887 691 qui
909 627 950 670 ex
971 604 1037 670 hoc
1058 604 1248 692 Apophthe·

216 719 366 793 ginatum
380 704 452 769 loco
467 702 637 792 descripsit.
668 706 834 770 Pausanias
851 708 911 770 IX.
925 726 977 787 14.
1004 706 1178 793 Appianas
1192 706 1247 793 Sy·

218 810 294 874 riae.
309 830 363 890 41.
386 808 534 895 quicum
558 809 714 896 Scipionis
734 809 879 874 Africani
897 807 1039 896 Majoris
1060 808 1153 872 simili
1174 807 1248 872 sado

217 909 424 997 comparavit,
440 922 478 973 ut
491 924 565 974 ante
576 932 651 974 eum
665 924 901 996 comparaverat
916 909 1116 975 Plutarchus
1129 910 1162 975 in
1175 907 1244 973 utri·

216 1013 315 1098 usque
338 1011 423 1076 Vitis
449 1011 617 1076 parallelis.
663 1011 737 1076 Fuit
762 1012 859 1077 etiam
885 1011 918 1076 in
944 1011 1121 1076 rhetorum
1143 1008 1245 1076 scholio

216 1116 402 1201 usurpatum
421 1128 661 1201 argumentum,
684 1129 722 1179 ut
741 1129 873 1201 apparot
891 1137 931 1179 ex
952 1113 1118 1181 Cicerone
1132 1116 1243 1179 lorent.

219 1219 246 1282 I.
260 1237 314 1303 33.
328 1218 383 1301 38.
420 1216 518 1304 Quod
537 1217 685 1282 hocloco
699 1216 777 1281 dicit
796 1215 1039 1303 Epaminondas
1063 1215 1244 1282 Laconicam

215 1319 411 1393 πεντακοσίοις
427 1322 555 1393 ἐνιαυτοῖς
573 1319 691 1405 ἀδῄωτον
711 1318 807 1400 οὖσαν,
827 1318 912 1382 idem
935 1318 1132 1384 Plutarchus
1151 1317 1182 1382 in
1200 1318 1241 1383 A·

216 1421 332 1509 gefilao
353 1420 432 1484 dicit
450 1442 483 1506 p.
501 1423 575 1506 613.
590 1422 628 1485 B.
645 1419 674 1498 ἦν
688 1423 738 1503 μὶν
752 1424 781 1498 δὴ
793 1420 895 1508 χςᾶνος
907 1424 956 1483 οὐκ
971 1419 1095 1483 lahlite
1109 1424 1173 1484 ἐτῶν
1184 1423 1240 1497 ἔξι-

217 1523 336 1600 κοσῖωνς
360 1546 432 1608 quae
447 1523 605 1588 dircrfitas
626 1537 682 1587 ant
703 1546 722 1587 a
743 1523 877 1587 librariis
891 1522 990 1601 venit,
1008 1534 1079 1602 aut,
1098 1522 1173 1587 fiab
1181 1520 1241 1609 ipso

217 1626 369 1711 scriptore
389 1624 486 1703 venit,
509 1648 549 1689 no
571 1626 603 1689 in
628 1626 690 1690 hoc
712 1624 843 1711 quidem
861 1624 976 1689 erroris
998 1625 1136 1690 nomine
1156 1646 1240 1710 argu·

216 1728 300 1792 enda
320 1727 382 1791 est:
414 1749 517 1814 nequo
542 1727 573 1791 in
600 1729 695 1793 rebus
720 1728 761 1791 ab
788 1742 982 1815 argumento
1007 1727 1095 1793 adco
1123 1726 1239 1793 remotis

218 1832 301 1895 Vitae
318 1830 450 1915 scriptor
463 1830 585 1916 fingula
597 1832 691 1895 verba
710 1830 852 1916 praestare
867 1830 974 1895 debet.
1014 1828 1083 1893 Sed
1099 1828 1141 1894 de
1157 1827 1239 1915 hujus

215 1933 278 1998 loci
298 1933 506 2019 chronologia
527 1933 732 1997 consulantur
756 1932 937 1997 Perizonius
959 1944 994 1996 et
1015 1928 1238 1997 Schell'cmoad

214 2036 379 2100 AElianum
404 2034 426 2097 l.
444 2056 473 2098 c.
495 2048 566 2098 tum
584 2058 658 2099 vero
672 2034 901 2121 Welselingiua
922 2033 964 2098 ad
985 2033 1170 2099 Diodorum
1184 2032 1238 2098 Sic.

214 2138 290 2203 XV.
305 2139 358 2223 65.
393 2137 543 2223 Denique
555 2136 657 2214 oinium
670 2135 724 2200 dat
742 2135 832 2200 Harl.

236 2260 332 2324 ·194.
348 2240 388 2302 C.
412 2237 479 2323 κ8.]
514 2240 593 2303 llaec
615 2238 693 2302 itcm
716 2237 791 2302 hinc
813 2236 972 2324 descripfit
995 2236 1148 2305 AElianus
1171 2238 1236 2303 Var.

214 2341 294 2406 Hist.
310 2342 388 2405 XII.
403 2361 437 2425 3.
474 2340 542 2404 Alii
564 2340 731 2426 scriptores
750 2341 791 2405 de
809 2340 901 2404 obitu
920 2341 1157 2426 Epaminonda:
1173 2339 1235 2405 uni·

214 2442 299 2506 verse
324 2441 541 2520 consentiunt,
565 2440 648 2506 hanc
676 2442 744 2529 ejus
767 2441 808 2505 dc
831 2441 1002 2506 successore
1027 2439 1237 2508 constituendo

214 2543 443 2630 cogitationem
459 2565 522 2606 non
538 2558 740 2607 memorant:
764 2567 793 2605 ν.
809 2566 838 2607 c.
876 2544 976 2606 Corn.
997 2542 1116 2629 Nepos
1134 2545 1233 2631 Epam.

213 2646 273 2709 IX.
291 2647 334 2710 X.
357 2643 504 2709 Valerius
519 2646 608 2708 Max.
622 2646 685 2708 lll.
700 2664 729 2709 2.
744 2647 817 2708 Ext.
828 2660 860 2728 5.
882 2644 1024 2710 lustinus
1038 2646 1100 2708 Vl.
1111 2646 1142 2710 8.
1163 2644 1233 2709 Dio-

212 2747 309 2814 dorus
329 2747 393 2813 Sic.
410 2748 484 2811 XV.
501 2747 552 2830 87.
579 2760 612 2811 et
634 2746 689 2833 qui
714 2746 755 2809 ab
776 2768 815 2810 eo
829 2746 981 2810 citantur.
1016 2746 1167 2811 AElianus
1186 2766 1234 2831 pm

211 2851 349 2913 Ἰολκίδαν
366 2848 421 2913 dat
434 2851 591 2913 Ἰολαΐδανε
616 2847 709 2914 nostri
723 2846 849 2912 codices
870 2850 900 2913 J.
917 2848 1035 2911 Venet.
1051 2848 1138 2913 voff.
1153 2843 1232 2913 Harl.

210 2953 369 3014 ’Τολλίδοικ

256 3073 327 3138 194.
344 3054 385 3118 C.
407 3056 670 3117 ΠΕΛΟΠΙΔΟΥ.
691 3051 745 3137 α’.]
775 3053 823 3115 Ex
836 3051 915 3114 Vita
935 3049 1098 3136 Pelopidae
1118 3072 1152 3137 p.
1167 3064 1230 3133 179.

212 3154 260 3219 C:
287 3154 343 3217 ubi
365 3156 408 3219 est
432 3155 591 3239 Νικοδήμῳ·
616 3168 649 3217 at
671 3154 819 3234 Νικομήδει
844 3151 976 3217 retinuit
998 3153 1149 3217 AElianus
1166 3154 1230 3217 Var.

210 3256 291 3322 Hist.
307 3258 366 3320 Xl.
379 3279 410 3341 9.
428 3256 483 3342 qui
498 3257 573 3320 hinc
588 3256 757 3343 descripfit.

255 3380 328 3446 194.
344 3358 383 3421 C.
407 3359 462 3443 ast]
491 3360 537 3421 Ex
552 3358 630 3423 Vita
647 3357 805 3443 l‘elopidae
821 3379 854 3443 p.
871 3358 944 3421 188.
962 3357 1002 3422 C.

255 3481 327 3547 194.
342 3462 385 3525 D.
408 3460 464 3545 72]
491 3459 636 3524 Indidem
660 3481 693 3545 p.
711 3460 783 3524 186.
799 3460 844 3523 D.
880 3459 1046 3525 l'ribuitur
1066 3458 1185 3525 laconi
1200 3476 1227 3543 p.

212 3583 286 3649 234.
301 3566 338 3627 B.
369 3562 478 3626 Simile
496 3561 647 3626 Leonida
663 3560 698 3643 ζ.
721 3583 754 3647 p.
772 3578 845 3646 225.
861 3561 900 3624 B.

255 3686 327 3751 194.
343 3666 387 3729 D.
411 3664 458 3749 u]
484 3662 631 3726 lndidcrn
647 3685 681 3749 p.
694 3682 767 3747 293.
783 3662 825 3726 A.

255 3789 327 3854 194.
341 3765 386 3830 Ι).
407 3766 452 3851 ε’.]
483 3764 628 3828 Indidem
643 3786 677 3850 p.
692 3783 764 3848 293.
780 3765 818 3828 Β.

254 3891 325 3958 194.
339 3871 376 3932 Ε.
393 3868 443 3953 ς’.]
470 3869 544 3931 Non
560 3865 699 3952 legimus
714 3864 746 3929 in
761 3865 851 3945 Vita,
868 3863 992 3928 sortasse
1006 3864 1157 3933 omissum
1169 3860 1228 3930 cul·

208 3992 249 4057 pa
264 3971 392 4035 librarii

252 4098 323 4160 194.
340 4079 378 4140 E.
407 4078 572 4137 Mamor
597 4075 787 4134 uorr’lor.
817 4070 871 4158 α’.]
909 4069 1030 4137 Plinius
1057 4072 1140 4138 Hist.
1160 4073 1228 4137 Nat.

208 4178 332 4240 XVlll.
347 4197 387 4256 4:
412 4175 518 4238 Illonii
533 4173 648 4263 quidem
665 4172 750 4236 Curii
766 4172 829 4260 post
843 4172 1003 4261 triumphos
1017 4173 1231 4261 immensum

206 4288 352 4341 terrarum
366 4276 513 4364 aclj'cuum
530 4274 662 4366 imperio,
677 4286 748 4341 noto
762 4273 855 4341 concio
869 4272 922 4363 cst:
944 4280 968 4315 “
980 4275 1176 4363 perniciostm
1185 4273 1228 4338 rir-

143 4492 320 4574 A
