2700 4928
193 338 274 390 troo
380 328 420 389 D.
432 330 482 390 W.
504 328 709 389 AN1MAnv.
731 330 778 388 IN
797 326 1035 388 111111110111

191 490 336 577 confilium
355 504 451 555 tamen
460 493 551 576 suum
570 489 723 579 aliquanto
737 489 840 555 melius
849 491 948 577 firiffe
971 482 1093 553 diceret.
1128 486 1211 555 Adeo

192 594 369 659 sanatione
382 615 477 658 omne
491 592 568 658 dicti
583 615 718 658 acumen
732 594 883 658 obrutum
898 592 954 655 est.

113 713 116 717 “
236 696 307 760 188.
324 698 362 759 E.
385 694 452 778 ιγ’.]
476 693 621 758 Indidem
637 716 670 780 p.
683 713 757 778 752.
772 697 811 759 E.

234 795 305 859 188.
318 797 356 858 E.
380 795 437 878 8.]
463 793 609 859 Indidem
624 816 656 880 p.
673 810 746 878 754.
761 796 805 859 A.
829 806 903 878 755.
919 794 963 858 A.

232 896 303 960 188.
320 898 353 959 P.
378 894 433 979 ιε’.]
466 895 611 959 Indidem
642 917 674 980 p.
692 912 766 979 755.
786 897 824 960 B.
851 893 938 960 unde
965 894 1032 958 hoc
1060 894 1133 960 loco
1157 912 1206 979 prs

186 1003 250 1069 σῶς
263 996 437 1082 legendum
451 996 494 1059 est
508 1000 555 1074 οἱς,
569 995 656 1081 quod
670 995 748 1059 item
762 995 841 1059 dant
853 998 929 1061 Jun.
945 1006 981 1058 et
996 995 1091 1059 Harl.
1202 1028 1205 1035 ·

230 1098 303 1160 188.
320 1098 355 1160 F.
378 1096 442 1178 ις’.]
466 1097 610 1161 Indidem
626 1118 659 1182 p.
673 1112 747 1180 755.
761 1097 800 1159 B.
833 1095 1029 1161 Notavimus
1041 1095 1111 1182 jam
1125 1106 1204 1160 antes

185 1216 218 1282 p.
232 1198 286 1277 64⁶
302 1195 342 1261 C·

226 1316 259 1380 p.
273 1297 344 1381 189.
357 1296 401 1360 A.
417 1295 480 1381 132]
506 1296 652 1360 Indidem
667 1319 700 1383 p.
715 1298 788 1380 758.
800 1298 844 1360 D.
860 1295 916 1360 ubi
931 1297 1146 1362 commoriens
1161 1296 1203 1361 illc

183 1392 330 1460 scribitur
349 1397 514 1475 Θούδιππος,
535 1412 572 1461 ut
591 1398 687 1461 etiam
702 1398 789 1462 Vols.
805 1412 838 1461 et
852 1400 971 1460 Venct.
992 1397 1072 1462 dant
1086 1400 1147 1463 hoc
1161 1398 1202 1463 lo·

183 1515 240 1559 co:
264 1497 372 1582 itaque
394 1497 470 1561 hinc
491 1497 650 1583 descripsit
667 1498 813 1562 AElianus
835 1499 912 1561 Var.
930 1497 1015 1562 Hist.
1033 1500 1128 1563 XIII.
1145 1518 1200 1577 41:

181 1596 365 1683 Ὀδυρομένοον
388 1600 414 1660 δὲ
429 1608 482 1661 τῶν
500 1602 573 1679 perol
592 1598 734 1672 Φωκίωνος
751 1598 907 1680 pannium
928 1600 1123 1679 ἀποθνῆσκον,
1143 1599 1201 1661 clare

183 1704 196 1762 i
214 1700 341 1779 Φωκίων,
365 1699 439 1762 Elea
460 1704 507 1763 crin
527 1704 653 1786 ἇγοιπᾷς,
674 1700 826 1778 Θούδιππε,
843 1702 917 1780 μετὰ
929 1698 1077 1774 Φωκίωνος
1090 1700 1200 1776 dechi-

181 1824 265 1864 σκοοι·
301 1801 459 1888 elegantia
485 1803 528 1865 est
556 1801 588 1865 in
618 1800 747 1866 nornine
777 1800 905 1885 proprio
930 1799 1122 1865 collocando
1143 1800 1200 1889 post

182 1916 305 1987 partem
326 1901 532 1965 narrationis:
556 1924 651 1991 quem
666 1902 755 1965 usum
772 1901 846 1965 alibi
860 1900 1055 1965 notabimus.
1086 1902 1198 1966 Plutar-

181 2002 263 2067 chus
276 2004 328 2067 De
342 2003 400 2067 Sui
414 2002 523 2066 laude
538 2024 570 2087 p.
580 2019 654 2085 541.
671 2003 709 2080 B,
724 2002 764 2066 C.
780 2000 900 2065 ditium
916 2001 1089 2066 Phocionis
1102 2004 1198 2082 refert,

179 2102 308 2167 alterius
324 2102 462 2167 hominis
476 2103 605 2167 nomine
620 2102 741 2167 omisso.
779 2103 876 2168 Corn.
892 2104 1005 2188 Nepos
1020 2103 1053 2167 in
1070 2105 1197 2169 Phocio·

178 2225 220 2268 ne
240 2205 298 2266 IV.
316 2223 349 2288 3.
369 2204 463 2267 aliam
485 2225 551 2267 rem
571 2216 687 2281 narrat,
708 2225 804 2289 quarn
826 2202 894 2288 ejus
917 2203 1108 2289 interpretes
1129 2227 1196 2269 curn

176 2306 237 2370 hac
258 2328 277 2370 a
299 2306 470 2370 Plutarcho
488 2317 614 2368 narrata
627 2326 727 2391 quum
742 2304 981 2369 communicare
1003 2320 1038 2369 et
1058 2306 1194 2371 eamdem

176 2408 278 2472 facere
293 2420 462 2484 conantur,
479 2420 598 2470 temere
612 2406 825 2470 confundunt.
863 2406 1006 2470 Omnino
1024 2408 1136 2494 Nepos
1150 2407 1194 2472 di·

173 2509 275 2572 versos
299 2530 394 2594 quam
422 2507 607 2572 Plutarchus
632 2507 759 2571 secutus
779 2508 821 2571 est
845 2508 1004 2591 entiores,
1029 2513 1143 2599 eosque
1164 2510 1192 2574 in

177 2609 369 2674 Phocionem
384 2606 567 2693 Iniquiores.

218 2713 289 2797 189.
305 2713 347 2776 A.
364 2709 426 2794 its]
453 2708 597 2772 Indidem
612 2731 644 2793 p.
659 2709 732 2792 758.
744 2710 788 2773 D.
827 2709 924 2773 Paulo
939 2711 1083 2776 ornatius
1096 2712 1191 2777 AElis·

173 2836 233 2876 nus
253 2815 331 2877 Var.
348 2812 427 2877 Hist.
444 2811 522 2874 XII.
537 2831 600 2895 49:
626 2808 704 2872 ’Euri
724 2811 750 2871 δὲ
772 2809 866 2895 ὤρεξεν
886 2816 898 2872 ὁ
917 2812 1008 2891 δήμιος
1021 2817 1069 2890 τὴν
1083 2814 1187 2890 κύλικα,

170 2919 195 2975 ot
211 2915 388 2998 προσήκοντες
400 2914 492 2999 ἤροντο
511 2910 536 2974 ri
552 2938 579 2973 τι
599 2910 677 2995 λέγοι
698 2912 834 2995 espieriis
853 2910 914 2974 uic'r·
940 2914 1011 2991 ὁδὶ,
1036 2916 1188 2991 Επισκῆῐῖιν

93 3033 98 3042 “
169 3017 245 3098 αὐτῷ
262 3016 342 3095 μηδὲν
360 3014 512 3090 Ἀθηναίοις
534 3014 745 3094 μνησικακήσων
768 3014 832 3095 ὑπὲρ
854 3019 901 3090 τῆς
918 3016 992 3100 παρ’
1007 3020 1097 3080 αὐτῶν
1115 3032 1185 3101 φιλο-

167 3114 265 3191 τησίας
279 3114 308 3190 ἦς
322 3121 364 3176 νῦν
377 3113 462 3176 ntra.
594 3162 599 3177 .

213 3214 285 3299 189.
302 3215 339 3276 B.
368 3212 683 3278 111121211’11101.
715 3213 769 3298 8.]
802 3212 880 3290 idiote
904 3215 1034 3300 γίνεθοιι,
1053 3219 1185 3305 suaviter

167 3315 280 3402 degere,
293 3315 479 3402 suavitatem
492 3314 646 3401 percipere,
662 3314 863 3398 exposuimus
878 3336 910 3400 p.
926 3335 998 3403 119.
1012 3320 1057 3382 D.
1072 3334 1106 3384 et
1122 3338 1183 3403 127.

41 3488 45 3495 ,
167 3419 210 3483 A.
248 3419 286 3481 In
310 3419 374 3479 καθ’
396 3414 497 3502 ἡμέραν
519 3437 653 3479 acumen
677 3416 794 3480 subetie
815 3416 940 3481 videtur
961 3421 1182 3508 ambiguitatis.

167 3519 294 3585 Etenim
311 3516 437 3604 proprie
451 3517 580 3602 quidem
597 3517 639 3580 est
657 3517 804 3603 quotidie3
827 3517 881 3581 sed
904 3520 995 3603 possit
1017 3523 1116 3588 etiam
1136 3544 1183 3588 ac·

164 3622 229 3708 cipi
254 3643 311 3707 pro
335 3623 398 3703 μεθ’
424 3617 537 3706 ἡμέραν,
563 3619 715 3682 interdiu:
745 3631 783 3683 ut
795 3620 952 3705 suavitati
974 3623 1096 3688 diurna
1118 3623 1182 3691 red·

164 3724 270 3788 denda
283 3725 319 3787 srt
329 3723 473 3809 sitavitas
488 3730 641 3785 nocturna.

210 3830 281 3911 189.
297 3825 337 3889 C.
359 3824 417 3909 72]
438 3822 585 3887 Valerius
607 3824 696 3886 Max.
712 3823 754 3885 V.
773 3841 802 3886 1.
822 3824 895 3887 Ext.
912 3842 954 3891 2:
979 3824 1184 3915 Pisistratus-

161 3951 226 3991 crrm
246 3927 408 4013 adolescens
428 3926 548 4013 quidam
571 3947 666 3987 amore
676 3923 763 4010 filice
778 3926 839 4013 ejus
852 3925 983 4013 sp'rginis
997 3931 1181 4017 accensrrs,irr

157 4028 276 4115 publico
289 4027 404 4092 obviam
416 4026 479 4111 fibi
489 4025 612 4110 fatiam
633 4024 776 4110 esculatus
797 4027 873 4113 efflt,
895 4028 1031 4093 hortante
1049 4055 1140 4097 uxore
1151 4043 1183 4096 ret

161 4128 201 4190 ab
222 4152 252 4190 ec
273 4128 400 4215 capitale
411 4126 591 4214 supplicium
602 4127 744 4210 sumeret,
766 4129 922 4214 respondit,
943 4130 977 4193 Si
999 4155 1057 4212 eos,
1071 4133 1123 4223 qui
1135 4155 1181 4197 nos

159 4239 274 4308 amant,
300 4228 500 4316 interficimus,
525 4227 599 4315 quid
622 4226 668 4290 bis
679 4227 830 4314 faciem
848 4229 953 4318 quibus
976 4234 1042 4298 odio
1051 4234 1181 4324 serere!
