2700 4928
247 378 952 459 amrmn.aso.arnuc.p.207.o-n
1040 382 1115 441 nu

72 537 178 605 llorioe
196 541 406 631 Philosophiae
429 545 636 633 scriptoribus
655 557 864 623 memoratus,
882 542 1045 630 aliquanto
1063 541 1113 607 di·

70 642 187 709 sertius
209 648 389 714 recensetur
411 651 518 716 Jonfio
541 650 582 716 de
605 650 723 738 Script.
747 649 828 715 Hist.
852 647 934 712 Phil.
952 649 1014 713 III.
1032 667 1062 711 1.
1076 666 1110 735 3.

71 758 110 809 et
124 747 291 813 Gatakero
305 750 346 814 ad
362 753 511 817 Marcum
529 751 685 817 Antonin.
701 751 797 817 VIII.
811 769 867 835 31.

116 865 193 932 207.
209 849 250 914 C.
274 849 328 936 ζ’.]
360 853 590 919 Athenodorus
612 852 782 931 Sandonis,
809 849 949 928 Stoicus,
974 848 1113 937 Augusti

68 966 265 1038 praeceptor,
289 952 329 1018 de
352 954 446 1042 cujus
469 955 500 1020 in
522 956 657 1041 patriam
678 956 810 1021 Tarsum
831 951 949 1030 reditu,
968 952 1109 1018 mentio·

68 1072 149 1116 nem
166 1052 270 1141 injicit
285 1057 401 1122 Strabo
415 1059 507 1123 XIV.
528 1080 560 1144 p.
576 1079 651 1142 991.
666 1058 706 1125 C.
737 1055 929 1143 Exemplum
945 1053 978 1119 in
994 1052 1108 1120 admo·

66 1153 180 1219 nendo
194 1155 341 1245 Augusto
355 1161 452 1224 refert
474 1162 538 1225 Dio
552 1161 672 1227 Cellius
687 1162 775 1228 LVI.
788 1180 845 1246 43.
882 1159 1023 1225 Pertinet
1041 1157 1108 1224 huc

67 1254 137 1320 Dio
162 1257 278 1347 Chrys.
301 1261 358 1326 Or.
380 1262 542 1327 XXXIII.
565 1263 606 1327 ad
627 1264 791 1329 Tarsenses
813 1284 845 1348 p.
861 1261 937 1343 408.
957 1261 1003 1325 B:
1027 1265 1107 1325 ἁλλὰ

63 1356 249 1444 Ἀθηνόδωρος
263 1365 276 1422 l
290 1361 386 1447 πρώην
400 1363 552 1447 γενόμενος,
566 1362 595 1428 ὃν
609 1368 694 1451 ῄδᾶτο
713 1370 726 1427 d
746 1362 883 1443 Σνὸοιςός,
899 1360 956 1450 ἆρον
970 1362 1050 1428 οἴοθε
1063 1362 1104 1427 si·

63 1486 118 1547 πρ
133 1461 342 1546 massadam
356 1466 440 1531 οὖσαν
457 1472 506 1545 τὴν
518 1469 610 1544 πόλον,
629 1469 792 1556 προύκρινεν
812 1466 846 1532 ἂν
866 1473 914 1543 τῆς
933 1469 994 1549 μετ’
1015 1466 1104 1533 tertre

64 1563 205 1651 δνιτςνὲἤς
221 1571 269 1645 τὴν
282 1569 392 1647 &ababa
417 1569 492 1656 Ejus
506 1570 623 1634 librum
639 1569 679 1634 ad
695 1568 862 1636 Octaviam
878 1569 1016 1634 sororem
1031 1572 1103 1634 Au·

64 1667 150 1755 gusti
169 1668 249 1733 citat
271 1669 460 1735 Plutarchus
482 1672 515 1735 in
539 1671 701 1737 Publicola
722 1693 756 1759 p.
773 1673 844 1736 106.
861 1671 905 1736 D.
945 1671 1037 1736 Plura
1051 1686 1103 1737 et·

64 1766 131 1833 iam
155 1768 197 1834 de
221 1793 261 1835 eo
286 1774 522 1859 cognoscantur
544 1774 629 1859 apud
655 1772 834 1839 Fabricium
859 1772 1015 1837 Biblioth.
1042 1774 1101 1837 Gr.

61 1870 142 1935 Vol.
158 1872 204 1937 II.
228 1895 261 1961 p.
275 1894 351 1960 392.
389 1875 473 1940 Illud
495 1883 577 1961 σιγῆς
592 1876 727 1940 deluderes
748 1872 835 1960 γέρας
857 1874 1030 1939 Simonidis
1051 1873 1101 1939 di-

62 1972 156 2037 dium
178 1977 335 2060 proverbii
360 1978 452 2042 instar
470 1979 664 2045 celebratum
679 1977 882 2042 sudavimus
896 1978 928 2040 in
944 1976 1099 2042 Biblioth.

62 2072 148 2139 crit.
164 2074 241 2140 Vol.
256 2077 320 2141 111.
338 2078 410 2142 Part
433 2080 460 2143 I.
476 2100 509 2164 p.
521 2098 585 2158 40:
609 2077 662 2143 cui
676 2077 876 2142 annotationi
890 2075 1026 2141 addatur
1041 2076 1098 2140 In·

61 2174 193 2263 scriptio
212 2177 298 2264 spud
321 2178 593 2266 Lindenbrogium
617 2179 649 2243 in
668 2180 746 2244 Vsr.
761 2180 880 2266 Quali.
897 2176 1025 2242 editius
1040 2179 1099 2241 Ps-

61 2276 166 2342 bricio
179 2278 334 2345 Biblioth.
349 2283 408 2346 Gr.
422 2279 499 2345 Vol.
516 2281 613 2344 XIII.
629 2303 663 2368 p.
675 2284 751 2345 600.

104 2398 181 2465 207.
196 2382 241 2446 D.
264 2381 319 2468 82]
344 2385 389 2447 τὸν
403 2384 471 2471 περὶ
485 2392 594 2470 μοιχῶν
612 2383 701 2466 νόμον,
717 2383 791 2446 dicit
808 2382 917 2468 Legem
930 2380 1048 2446 Julian
1062 2383 1100 2446 de

59 2481 251 2547 adulteriis:
274 2483 314 2548 de
326 2507 391 2571 qua
405 2484 478 2549 satis
492 2486 536 2549 est
549 2484 707 2549 Baebium
729 2482 865 2548 laudalie
880 2483 999 2549 Histor.
1011 2482 1099 2550 Iuris

61 2582 160 2649 Pmd.
176 2586 270 2649 Rom.
288 2587 351 2650 III.
371 2606 399 2649 1.
416 2606 448 2651 ν.

104 2700 179 2771 207.
197 2688 235 2751 E.
259 2688 300 2774 ν’.]
328 2688 444 2752 Caium
462 2688 632 2767 Caesarem,
648 2685 836 2774 adoptatum
855 2686 969 2766 lilium,
983 2710 1023 2752 ex
1035 2690 1097 2754 Ju-

58 2787 104 2853 l'm
118 2788 185 2853 lilia
197 2805 232 2855 et
249 2791 301 2855 M.
317 2790 477 2878 Agrippa,
492 2790 532 2855 de
547 2790 641 2878 cujus
655 2806 689 2855 et
703 2788 796 2854 Lucii
812 2787 918 2852 fratris
935 2789 1030 2854 rebus
1043 2789 1095 2853 hi·

58 2889 187 2955 storiam
202 2893 367 2957 contexuit
387 2895 430 2956 H.
446 2891 589 2956 Norilius
612 2892 644 2955 in
669 2889 910 2956 Commentario
924 2888 965 2954 ad
986 2890 1095 2956 Ceno·

57 2992 172 3081 taphia
191 2993 319 3075 Pisana,
343 2994 398 3060 ubi
417 2997 457 3060 de
485 2994 546 3058 hac
569 2993 601 3058 in
622 2994 727 3058 Aliam
751 2991 866 3056 militia
887 3015 920 3080 p.
940 2993 1012 3075 184.
1029 2994 1094 3081 seq.

56 3096 198 3184 Augusti
226 3096 288 3162 hac
312 3098 344 3162 in
369 3097 472 3161 carrlia
498 3110 648 3183 optatum
674 3093 800 3182 reponit
830 3093 1019 3160 Plutarchus
1042 3096 1095 3161 De

56 3198 202 3264 Fortuna
222 3200 315 3264 Rom.
334 3221 367 3286 p.
383 3219 458 3285 319.
474 3200 526 3263 D:
551 3194 920 3279 ὁ-Σοὸαςὸς-ὶκπίμαοον
938 3200 984 3262 τὸν
997 3204 1093 3284 θυγα-

53 3302 162 3388 {padusia
176 3302 219 3364 ixl
233 3300 364 3386 5parslar
377 3299 478 3378 ηὔξατο
494 3304 549 3375 τοῖς
571 3304 642 3375 θοοῖς
657 3299 767 3387 ἀνδρίαν
784 3300 835 3381 μὶν
853 3303 928 3384 aba}
947 3302 1034 3374 Macra
1046 3304 1095 3378 riv

54 3398 222 3478 Σιοτὶοονος,
237 3399 339 3463 εὔνοιαν
353 3401 380 3462 δί
395 3405 443 3478 τὴν
458 3400 605 3481 Πομπηΐν,
621 3398 711 3486 τύχην
725 3400 752 3462 di
765 3403 814 3476 τὴν
826 3404 922 3462 αὑτοῦ.

98 3520 175 3586 οο7.
190 3504 229 3565 E.
252 3504 316 3589 νβ’.]
345 3502 534 3567 Plutarchus
550 3502 601 3566 De
616 3504 696 3588 Rep.
712 3501 788 3566 Seni
802 3503 879 3566 Ger.
899 3521 933 3587 p.
948 3501 1023 3585 785.
1041 3501 1090 3564 Dr

52 3604 138 3678 ιῦτὸς
157 3604 185 3668 di
203 3606 265 3680 τοὺς
284 3605 342 3680 νέες
363 3604 438 3668 ἔθεον
460 3602 506 3679 stol
519 3603 608 3686 νόμοις
626 3606 748 3689 nicapolis
769 3600 950 3688 σωφρονίζων,
970 3604 1006 3675 «ὃς
1028 3606 1092 3664 ttr-

50 3705 189 3797 ῴὸησον,
209 3709 378 3787 Ἀκούσατε,
401 3706 469 3787 alas,
490 3706 540 3769 νέον
562 3704 700 3792 γέροντος,
722 3704 752 3769 οὗ
774 3704 820 3769 ria
840 3702 964 3791 γέροντος
985 3703 1090 3781 ἤκουον.

49 3804 118 3874 sed
132 3828 174 3872 ex
187 3805 251 3871 hoc
264 3806 592 3894 Apophthegmstum
608 3802 690 3869 libro
705 3804 810 3869 sumfit
825 3804 901 3870 Joh.
917 3804 1091 3869 Damasce-

52 3930 116 3973 nus
131 3907 164 3972 in
182 3907 341 3973 Parallelis
356 3910 453 3973 MSS.
467 3907 543 3970 I'als
557 3912 607 3970 τοῦ
621 3906 774 3992 Καίσαρος·
797 3903 976 3992 θοονὲοῦντοις
989 3907 1017 3968 bi
1031 3908 1094 3982 τοὺς

50 4012 80 4074 Ir
99 4010 241 4093 ἇένῶματι
261 4010 321 4085 νέος
343 4015 509 4087 κοντας-εἶλον
522 4008 686 4091 βαλόμενος,
702 4009 737 4083 ὥς
751 4012 781 4070 οὗ
794 4012 933 4093 προσεῖχε
947 4010 1014 4070 ἀλλ’
1027 4012 1092 4070 ἐθο-

50 4110 139 4201 plen,
152 4112 312 4193 Ἀκέσατο,
327 4112 395 4192 alra,
415 4112 466 4176 rior
480 4111 620 4198 γέροντος,
634 4111 665 4176 οὗ
679 4110 725 4175 rie
739 4109 862 4197 γέροντες
876 4108 994 4186 ἥκεσαν·
1019 4131 1092 4196 quae

51 4213 130 4282 binc
145 4215 318 4303 corrigere,
334 4215 366 4280 in
381 4227 513 4302 promtu
526 4214 580 4279 est.

96 4336 172 4405 207.
187 4320 224 4385 P.
247 4318 315 4405 ''s-I
340 4318 463 4385 Referri
476 4316 574 4383 debet
587 4315 628 4380 ad
642 4317 687 4381 A.
701 4316 746 4381 U.
762 4331 837 4401 733.
855 4335 921 4401 quo
943 4313 975 4381 in
999 4316 1092 4381 Gre-

527 4437 623 4503 ουν
