<?xml version="1.0" encoding="UTF-8"?>
<!DOCTYPE html PUBLIC "-//W3C//DTD XHTML 1.0 Transitional//EN"
    "http://www.w3.org/TR/xhtml1/DTD/xhtml1-transitional.dtd">
<html xmlns="http://www.w3.org/1999/xhtml" xml:lang="en" lang="en">
 <head>
  <title>
</title>
<meta http-equiv="Content-Type" content="text/html;charset=utf-8" />
  <meta name='ocr-system' content='tesseract 3.04.00' />
  <meta name='ocr-capabilities' content='ocr_page ocr_carea ocr_par ocr_line ocrx_word'/>
</head>
<body>
  <div class='ocr_page' id='page_1' title='image "./plutarchichaero28plutgoog_0407.png"; bbox 0 0 2700 4928; ppageno 0'>
   <div class='ocr_carea' id='block_1_1' title="bbox 286 336 1091 416">
    <p class='ocr_par' dir='ltr' id='par_1_1' title="bbox 286 336 1091 416">
     <span class='ocr_line' id='line_1_1' title="bbox 286 336 1091 416; baseline -0.006 -17"><span class='ocrx_word' id='word_1_1' title='bbox 286 336 849 415; x_wconf 71' lang='lat' dir='ltr'>uusmnmnmoun.p.1oan.</span> <span class='ocrx_word' id='word_1_2' title='bbox 1022 349 1091 416; x_wconf 76' lang='lat'><strong>99³·</strong></span> 
     </span>
    </p>
   </div>
   <div class='ocr_carea' id='block_1_2' title="bbox 138 497 1193 587">
    <p class='ocr_par' dir='ltr' id='par_1_2' title="bbox 138 497 1193 587">
     <span class='ocr_line' id='line_1_2' title="bbox 138 497 1193 587; baseline 0.003 -23"><span class='ocrx_word' id='word_1_3' title='bbox 138 500 219 566; x_wconf 64' lang='lat' dir='ltr'>hum</span> <span class='ocrx_word' id='word_1_4' title='bbox 237 501 362 582; x_wconf 90' lang='lat' dir='ltr'>dicunt,</span> <span class='ocrx_word' id='word_1_5' title='bbox 381 502 531 567; x_wconf 78' lang='lat' dir='ltr'>universae</span> <span class='ocrx_word' id='word_1_6' title='bbox 553 497 772 587; x_wconf 79' lang='lat' dir='ltr'>superstitioni,</span> <span class='ocrx_word' id='word_1_7' title='bbox 795 500 858 564; x_wconf 83' lang='lat' dir='ltr'>fine</span> <span class='ocrx_word' id='word_1_8' title='bbox 878 501 1078 587; x_wconf 84' lang='lat' dir='ltr'>exceptione,</span> <span class='ocrx_word' id='word_1_9' title='bbox 1190 509 1193 515; x_wconf 77' lang='grc'>’</span> 
     </span>
    </p>
   </div>
   <div class='ocr_carea' id='block_1_3' title="bbox 138 602 1079 1603">
    <p class='ocr_par' dir='ltr' id='par_1_3' title="bbox 138 602 1079 1603">
     <span class='ocr_line' id='line_1_3' title="bbox 138 602 1076 692; baseline -0.002 -26"><span class='ocrx_word' id='word_1_10' title='bbox 138 603 212 667; x_wconf 72' lang='lat' dir='ltr'>oni.</span> <span class='ocrx_word' id='word_1_11' title='bbox 249 605 324 692; x_wconf 70' lang='lat' dir='ltr'>Qua</span> <span class='ocrx_word' id='word_1_12' title='bbox 344 605 376 669; x_wconf 92' lang='lat' dir='ltr'>in</span> <span class='ocrx_word' id='word_1_13' title='bbox 395 605 545 690; x_wconf 92' lang='lat' dir='ltr'>opinione</span> <span class='ocrx_word' id='word_1_14' title='bbox 560 602 711 690; x_wconf 87' lang='lat' dir='ltr'>quosdam</span> <span class='ocrx_word' id='word_1_15' title='bbox 725 602 901 667; x_wconf 83' lang='lat' dir='ltr'><strong>recentiore</strong></span> <span class='ocrx_word' id='word_1_16' title='bbox 914 615 1009 666; x_wconf 76' lang='lat' dir='ltr'>aetate</span> <span class='ocrx_word' id='word_1_17' title='bbox 1022 602 1076 664; x_wconf 82' lang='lat' dir='ltr'>su-</span> 
     </span>
     <span class='ocr_line' id='line_1_4' title="bbox 138 701 1079 790; baseline 0.001 -24"><span class='ocrx_word' id='word_1_18' title='bbox 138 719 262 790; x_wconf 81' lang='lat' dir='ltr'>rpparet</span> <span class='ocrx_word' id='word_1_19' title='bbox 289 728 328 770; x_wconf 85' lang='lat' dir='ltr'>ex</span> <span class='ocrx_word' id='word_1_20' title='bbox 354 704 539 769; x_wconf 89' lang='lat' dir='ltr'>eorumdam</span> <span class='ocrx_word' id='word_1_21' title='bbox 565 703 784 767; x_wconf 89' lang='lat' dir='ltr'>confutatione</span> <span class='ocrx_word' id='word_1_22' title='bbox 808 701 980 788; x_wconf 75' lang='lat' dir='ltr'>conjuntta</span> <span class='ocrx_word' id='word_1_23' title='bbox 1001 724 1079 767; x_wconf 89' lang='lat' dir='ltr'>cum</span> 
     </span>
     <span class='ocr_line' id='line_1_5' title="bbox 138 802 1076 891; baseline 0 -24"><span class='ocrx_word' id='word_1_24' title='bbox 138 805 233 869; x_wconf 86' lang='lat' dir='ltr'>‚tione</span> <span class='ocrx_word' id='word_1_25' title='bbox 248 805 411 869; x_wconf 84' lang='lat' dir='ltr'><strong>Plutarchi</strong></span> <span class='ocrx_word' id='word_1_26' title='bbox 425 805 511 891; x_wconf 90' lang='lat' dir='ltr'>apud</span> <span class='ocrx_word' id='word_1_27' title='bbox 529 802 753 890; x_wconf 88' lang='lat' dir='ltr'>Tanaquillum</span> <span class='ocrx_word' id='word_1_28' title='bbox 775 803 911 867; x_wconf 87' lang='lat' dir='ltr'>Fabrum</span> <span class='ocrx_word' id='word_1_29' title='bbox 934 802 967 866; x_wconf 91' lang='lat' dir='ltr'>in</span> <span class='ocrx_word' id='word_1_30' title='bbox 989 803 1076 867; x_wconf 85' lang='lat' dir='ltr'>Prae-</span> 
     </span>
     <span class='ocr_line' id='line_1_6' title="bbox 138 903 1077 990; baseline 0.002 -21"><span class='ocrx_word' id='word_1_31' title='bbox 138 927 169 970; x_wconf 82' lang='lat' dir='ltr'>re</span> <span class='ocrx_word' id='word_1_32' title='bbox 183 906 225 970; x_wconf 91' lang='lat' dir='ltr'>ad</span> <span class='ocrx_word' id='word_1_33' title='bbox 244 907 332 970; x_wconf 91' lang='lat' dir='ltr'>hunc</span> <span class='ocrx_word' id='word_1_34' title='bbox 353 906 469 970; x_wconf 88' lang='lat' dir='ltr'>librum</span> <span class='ocrx_word' id='word_1_35' title='bbox 492 904 616 971; x_wconf 84' lang='lat' dir='ltr'><strong>Gallice</strong></span> <span class='ocrx_word' id='word_1_36' title='bbox 633 904 755 968; x_wconf 84' lang='lat' dir='ltr'>versum</span> <span class='ocrx_word' id='word_1_37' title='bbox 777 925 810 990; x_wconf 89' lang='lat' dir='ltr'>p.</span> <span class='ocrx_word' id='word_1_38' title='bbox 825 923 879 989; x_wconf 86' lang='lat'>30.</span> <span class='ocrx_word' id='word_1_39' title='bbox 895 903 982 990; x_wconf 84' lang='lat' dir='ltr'>sequ.</span> <span class='ocrx_word' id='word_1_40' title='bbox 1005 917 1077 971; x_wconf 88' lang='lat' dir='ltr'>tum</span> 
     </span>
     <span class='ocr_line' id='line_1_7' title="bbox 138 1005 1075 1094; baseline -0.001 -21"><span class='ocrx_word' id='word_1_41' title='bbox 138 1031 148 1073; x_wconf 75' lang='lat' dir='ltr'>a</span> <span class='ocrx_word' id='word_1_42' title='bbox 170 1031 243 1094; x_wconf 84' lang='lat' dir='ltr'>quae</span> <span class='ocrx_word' id='word_1_43' title='bbox 264 1008 404 1073; x_wconf 86' lang='lat' dir='ltr'>disseruit</span> <span class='ocrx_word' id='word_1_44' title='bbox 426 1010 460 1072; x_wconf 91' lang='lat' dir='ltr'>P.</span> <span class='ocrx_word' id='word_1_45' title='bbox 474 1007 592 1072; x_wconf 82' lang='lat' dir='ltr'>Baeliua</span> <span class='ocrx_word' id='word_1_46' title='bbox 609 1005 642 1070; x_wconf 92' lang='lat' dir='ltr'>in</span> <span class='ocrx_word' id='word_1_47' title='bbox 662 1005 748 1092; x_wconf 92' lang='lat' dir='ltr'>Opp.</span> <span class='ocrx_word' id='word_1_48' title='bbox 763 1005 884 1070; x_wconf 88' lang='lat' dir='ltr'>Divers.</span> <span class='ocrx_word' id='word_1_49' title='bbox 900 1006 939 1069; x_wconf 85' lang='grc' dir='ltr'>Τ.</span> <span class='ocrx_word' id='word_1_50' title='bbox 955 1006 1017 1070; x_wconf 90' lang='lat'>111.</span> <span class='ocrx_word' id='word_1_51' title='bbox 1039 1027 1075 1093; x_wconf 84' lang='lat' dir='ltr'>p.</span> 
     </span>
     <span class='ocr_line' id='line_1_8' title="bbox 162 1106 1076 1197; baseline -0.002 -21"><span class='ocrx_word' id='word_1_52' title='bbox 162 1110 201 1176; x_wconf 85' lang='lat' dir='ltr'>R.</span> <span class='ocrx_word' id='word_1_53' title='bbox 219 1111 438 1176; x_wconf 81' lang='lat' dir='ltr'>Cudworthua</span> <span class='ocrx_word' id='word_1_54' title='bbox 460 1109 591 1197; x_wconf 80' lang='lat' dir='ltr'>Syllam.</span> <span class='ocrx_word' id='word_1_55' title='bbox 612 1106 719 1172; x_wconf 86' lang='lat' dir='ltr'>Intell.</span> <span class='ocrx_word' id='word_1_56' title='bbox 735 1107 817 1193; x_wconf 85' lang='lat' dir='ltr'>Cap.</span> <span class='ocrx_word' id='word_1_57' title='bbox 828 1108 871 1171; x_wconf 90' lang='lat' dir='ltr'>V.</span> <span class='ocrx_word' id='word_1_58' title='bbox 887 1108 919 1194; x_wconf 84' lang='lat'>§.</span> <span class='ocrx_word' id='word_1_59' title='bbox 933 1125 1076 1196; x_wconf 85' lang='lat'><strong>43—45.</strong></span> 
     </span>
     <span class='ocr_line' id='line_1_9' title="bbox 155 1208 1075 1296; baseline -0.002 -19"><span class='ocrx_word' id='word_1_60' title='bbox 155 1213 317 1277; x_wconf 84' lang='lat' dir='ltr'>Fabricius</span> <span class='ocrx_word' id='word_1_61' title='bbox 330 1211 412 1276; x_wconf 89' lang='lat' dir='ltr'>Bibl.</span> <span class='ocrx_word' id='word_1_62' title='bbox 428 1214 486 1276; x_wconf 89' lang='lat' dir='ltr'>Gr.</span> <span class='ocrx_word' id='word_1_63' title='bbox 502 1211 577 1276; x_wconf 96' lang='lat' dir='ltr'>Vol.</span> <span class='ocrx_word' id='word_1_64' title='bbox 593 1210 655 1273; x_wconf 93' lang='lat' dir='ltr'>Ill.</span> <span class='ocrx_word' id='word_1_65' title='bbox 670 1231 704 1296; x_wconf 89' lang='lat' dir='ltr'>p.</span> <span class='ocrx_word' id='word_1_66' title='bbox 719 1228 738 1294; x_wconf 86' lang='lat'>3</span> <span class='ocrx_word' id='word_1_67' title='bbox 740 1223 795 1294; x_wconf 82' lang='lat'>51.</span> <span class='ocrx_word' id='word_1_68' title='bbox 809 1208 836 1273; x_wconf 85' lang='lat' dir='ltr'>is</span> <span class='ocrx_word' id='word_1_69' title='bbox 852 1209 981 1295; x_wconf 88' lang='lat' dir='ltr'>quidem</span> <span class='ocrx_word' id='word_1_70' title='bbox 998 1232 1075 1296; x_wconf 87' lang='lat' dir='ltr'>pro·</span> 
     </span>
     <span class='ocr_line' id='line_1_10' title="bbox 138 1310 1075 1401; baseline -0.006 -24"><span class='ocrx_word' id='word_1_71' title='bbox 138 1336 184 1377; x_wconf 89' lang='lat' dir='ltr'>un</span> <span class='ocrx_word' id='word_1_72' title='bbox 200 1313 361 1378; x_wconf 82' lang='lat' dir='ltr'>Plutarchi</span> <span class='ocrx_word' id='word_1_73' title='bbox 374 1312 538 1401; x_wconf 85' lang='lat' dir='ltr'>aliquanto</span> <span class='ocrx_word' id='word_1_74' title='bbox 555 1310 670 1376; x_wconf 67' lang='lat' dir='ltr'>rectius</span> <span class='ocrx_word' id='word_1_75' title='bbox 686 1310 880 1397; x_wconf 85' lang='lat' dir='ltr'>intelligens.</span> <span class='ocrx_word' id='word_1_76' title='bbox 917 1313 972 1391; x_wconf 88' lang='lat' dir='ltr'>Et,</span> <span class='ocrx_word' id='word_1_77' title='bbox 990 1314 1008 1377; x_wconf 87' lang='lat' dir='ltr'>fi</span> <span class='ocrx_word' id='word_1_78' title='bbox 1023 1336 1075 1379; x_wconf 86' lang='lat' dir='ltr'>rc.</span> 
     </span>
     <span class='ocr_line' id='line_1_11' title="bbox 138 1410 1075 1500; baseline 0.004 -23"><span class='ocrx_word' id='word_1_79' title='bbox 138 1414 261 1492; x_wconf 85' lang='lat' dir='ltr'>remini,</span> <span class='ocrx_word' id='word_1_80' title='bbox 282 1415 325 1478; x_wconf 87' lang='lat' dir='ltr'>est</span> <span class='ocrx_word' id='word_1_81' title='bbox 346 1435 474 1500; x_wconf 90' lang='lat' dir='ltr'>quoque</span> <span class='ocrx_word' id='word_1_82' title='bbox 495 1415 526 1478; x_wconf 92' lang='lat' dir='ltr'>J.</span> <span class='ocrx_word' id='word_1_83' title='bbox 542 1414 594 1477; x_wconf 88' lang='lat' dir='ltr'>Fr.</span> <span class='ocrx_word' id='word_1_84' title='bbox 609 1410 733 1477; x_wconf 90' lang='lat' dir='ltr'>Buddei</span> <span class='ocrx_word' id='word_1_85' title='bbox 748 1411 829 1475; x_wconf 88' lang='lat' dir='ltr'>liber</span> <span class='ocrx_word' id='word_1_86' title='bbox 842 1413 894 1476; x_wconf 92' lang='lat' dir='ltr'>De</span> <span class='ocrx_word' id='word_1_87' title='bbox 908 1413 1075 1481; x_wconf 88' lang='lat' dir='ltr'>Atheismo</span> 
     </span>
     <span class='ocr_line' id='line_1_12' title="bbox 138 1511 1076 1603; baseline 0 -24"><span class='ocrx_word' id='word_1_88' title='bbox 138 1515 344 1603; x_wconf 81' lang='lat' dir='ltr'>rperstitione,</span> <span class='ocrx_word' id='word_1_89' title='bbox 366 1513 423 1577; x_wconf 92' lang='lat' dir='ltr'>ubi</span> <span class='ocrx_word' id='word_1_90' title='bbox 448 1513 524 1578; x_wconf 92' lang='lat' dir='ltr'>huic</span> <span class='ocrx_word' id='word_1_91' title='bbox 545 1512 586 1576; x_wconf 88' lang='lat' dir='ltr'>dc</span> <span class='ocrx_word' id='word_1_92' title='bbox 606 1511 778 1576; x_wconf 84' lang='lat' dir='ltr'>Plutarcho</span> <span class='ocrx_word' id='word_1_93' title='bbox 800 1513 963 1598; x_wconf 74' lang='lat' dir='ltr'>questioni</span> <span class='ocrx_word' id='word_1_94' title='bbox 985 1512 1076 1579; x_wconf 81' lang='lat' dir='ltr'>locua</span> 
     </span>
    </p>
   </div>
   <div class='ocr_carea' id='block_1_4' title="bbox 138 1613 1216 1702">
    <p class='ocr_par' dir='ltr' id='par_1_4' title="bbox 138 1613 1216 1702">
     <span class='ocr_line' id='line_1_13' title="bbox 138 1613 1216 1702; baseline 0.002 -22"><span class='ocrx_word' id='word_1_95' title='bbox 138 1638 154 1679; x_wconf 63' lang='lat'>³.</span> <span class='ocrx_word' id='word_1_96' title='bbox 191 1615 346 1702; x_wconf 78' lang='lat' dir='ltr'>Equidem</span> <span class='ocrx_word' id='word_1_97' title='bbox 367 1638 431 1680; x_wconf 89' lang='lat' dir='ltr'>non</span> <span class='ocrx_word' id='word_1_98' title='bbox 446 1615 474 1679; x_wconf 77' lang='lat' dir='ltr'>ic</span> <span class='ocrx_word' id='word_1_99' title='bbox 489 1616 556 1679; x_wconf 90' lang='lat' dir='ltr'>sum</span> <span class='ocrx_word' id='word_1_100' title='bbox 571 1615 626 1701; x_wconf 93' lang='lat' dir='ltr'>qui</span> <span class='ocrx_word' id='word_1_101' title='bbox 643 1614 889 1678; x_wconf 85' lang='lat' dir='ltr'>acutislimorum</span> <span class='ocrx_word' id='word_1_102' title='bbox 906 1613 1077 1683; x_wconf 91' lang='lat' dir='ltr'>hominum</span> <span class='ocrx_word' id='word_1_103' title='bbox 1214 1614 1216 1621; x_wconf 76' lang='grc'><strong>’</strong></span> 
     </span>
    </p>
   </div>
   <div class='ocr_carea' id='block_1_5' title="bbox 138 1716 1099 4441">
    <p class='ocr_par' dir='ltr' id='par_1_5' title="bbox 138 1716 1099 4441">
     <span class='ocr_line' id='line_1_14' title="bbox 138 1716 1075 1805; baseline 0.003 -24"><span class='ocrx_word' id='word_1_104' title='bbox 138 1717 176 1781; x_wconf 85' lang='lat' dir='ltr'>iis</span> <span class='ocrx_word' id='word_1_105' title='bbox 192 1739 300 1782; x_wconf 89' lang='lat' dir='ltr'>meum</span> <span class='ocrx_word' id='word_1_106' title='bbox 318 1718 479 1805; x_wconf 85' lang='lat' dir='ltr'>judicium</span> <span class='ocrx_word' id='word_1_107' title='bbox 500 1717 716 1803; x_wconf 87' lang='lat' dir='ltr'>interponam:</span> <span class='ocrx_word' id='word_1_108' title='bbox 739 1716 819 1782; x_wconf 91' lang='lat' dir='ltr'>illud</span> <span class='ocrx_word' id='word_1_109' title='bbox 842 1731 948 1782; x_wconf 85' lang='lat' dir='ltr'>tamen</span> <span class='ocrx_word' id='word_1_110' title='bbox 970 1719 1075 1784; x_wconf 88' lang='lat' dir='ltr'>anim·</span> 
     </span>
     <span class='ocr_line' id='line_1_15' title="bbox 138 1808 1076 1910; baseline 0.003 -27"><span class='ocrx_word' id='word_1_111' title='bbox 138 1819 212 1884; x_wconf 68' lang='lat' dir='ltr'>aisse</span> <span class='ocrx_word' id='word_1_112' title='bbox 231 1819 311 1883; x_wconf 92' lang='lat' dir='ltr'>mihi</span> <span class='ocrx_word' id='word_1_113' title='bbox 326 1808 444 1898; x_wconf 84' lang='lat' dir='ltr'>videor,</span> <span class='ocrx_word' id='word_1_114' title='bbox 460 1841 519 1884; x_wconf 89' lang='lat' dir='ltr'>nec</span> <span class='ocrx_word' id='word_1_115' title='bbox 535 1821 567 1884; x_wconf 91' lang='lat' dir='ltr'>in</span> <span class='ocrx_word' id='word_1_116' title='bbox 584 1818 745 1884; x_wconf 87' lang='lat' dir='ltr'>Plutarchi</span> <span class='ocrx_word' id='word_1_117' title='bbox 759 1819 863 1910; x_wconf 85' lang='lat' dir='ltr'>caussa</span> <span class='ocrx_word' id='word_1_118' title='bbox 876 1819 1076 1886; x_wconf 88' lang='lat' dir='ltr'>reticendum</span> 
     </span>
     <span class='ocr_line' id='line_1_16' title="bbox 138 1918 1077 2006; baseline 0.004 -22"><span class='ocrx_word' id='word_1_119' title='bbox 138 1942 195 2002; x_wconf 85' lang='lat' dir='ltr'>ror,</span> <span class='ocrx_word' id='word_1_120' title='bbox 223 1920 363 1984; x_wconf 89' lang='lat' dir='ltr'>multum</span> <span class='ocrx_word' id='word_1_121' title='bbox 393 1919 580 1984; x_wconf 81' lang='lat' dir='ltr'>temeritatis</span> <span class='ocrx_word' id='word_1_122' title='bbox 607 1918 720 1983; x_wconf 85' lang='lat' dir='ltr'>versari</span> <span class='ocrx_word' id='word_1_123' title='bbox 746 1920 779 1985; x_wconf 92' lang='lat' dir='ltr'>in</span> <span class='ocrx_word' id='word_1_124' title='bbox 810 1919 1077 2006; x_wconf 76' lang='lat' dir='ltr'>disputationibus</span> 
     </span>
     <span class='ocr_line' id='line_1_17' title="bbox 138 2018 1087 2108; baseline 0.004 -24"><span class='ocrx_word' id='word_1_125' title='bbox 138 2020 264 2087; x_wconf 74' lang='lat' dir='ltr'>&gt;lunium</span> <span class='ocrx_word' id='word_1_126' title='bbox 280 2021 320 2085; x_wconf 91' lang='lat' dir='ltr'>de</span> <span class='ocrx_word' id='word_1_127' title='bbox 341 2022 403 2086; x_wconf 92' lang='lat' dir='ltr'>hoc</span> <span class='ocrx_word' id='word_1_128' title='bbox 423 2035 614 2108; x_wconf 88' lang='lat' dir='ltr'>argumento</span> <span class='ocrx_word' id='word_1_129' title='bbox 636 2020 681 2084; x_wconf 90' lang='lat' dir='ltr'>ita</span> <span class='ocrx_word' id='word_1_130' title='bbox 700 2018 927 2102; x_wconf 82' lang='lat' dir='ltr'>differentium,</span> <span class='ocrx_word' id='word_1_131' title='bbox 947 2036 985 2086; x_wconf 91' lang='lat' dir='ltr'>ut</span> <span class='ocrx_word' id='word_1_132' title='bbox 1006 2023 1087 2088; x_wconf 52' lang='lat' dir='ltr'>dia·a</span> 
     </span>
     <span class='ocr_line' id='line_1_18' title="bbox 138 2121 1076 2212; baseline 0.003 -24"><span class='ocrx_word' id='word_1_133' title='bbox 138 2146 171 2188; x_wconf 73' lang='lat' dir='ltr'>uc</span> <span class='ocrx_word' id='word_1_134' title='bbox 185 2124 244 2189; x_wconf 81' lang='lat' dir='ltr'>viae</span> <span class='ocrx_word' id='word_1_135' title='bbox 258 2123 289 2188; x_wconf 92' lang='lat' dir='ltr'>in</span> <span class='ocrx_word' id='word_1_136' title='bbox 306 2123 499 2204; x_wconf 81' lang='lat' dir='ltr'>deliniendo,</span> <span class='ocrx_word' id='word_1_137' title='bbox 513 2121 695 2201; x_wconf 88' lang='lat' dir='ltr'>dividendo,</span> <span class='ocrx_word' id='word_1_138' title='bbox 709 2122 887 2208; x_wconf 88' lang='lat' dir='ltr'>partiendo,</span> <span class='ocrx_word' id='word_1_139' title='bbox 901 2146 1076 2212; x_wconf 85' lang='lat' dir='ltr'>argumen-</span> 
     </span>
     <span class='ocr_line' id='line_1_19' title="bbox 138 2224 1076 2315; baseline 0.002 -24"><span class='ocrx_word' id='word_1_140' title='bbox 138 2246 161 2305; x_wconf 69' lang='lat' dir='ltr'>t,</span> <span class='ocrx_word' id='word_1_141' title='bbox 187 2225 310 2291; x_wconf 88' lang='lat' dir='ltr'>nullam</span> <span class='ocrx_word' id='word_1_142' title='bbox 331 2224 487 2290; x_wconf 86' lang='lat' dir='ltr'>rationem</span> <span class='ocrx_word' id='word_1_143' title='bbox 511 2225 643 2289; x_wconf 89' lang='lat' dir='ltr'>ducant.</span> <span class='ocrx_word' id='word_1_144' title='bbox 686 2224 785 2304; x_wconf 89' lang='lat' dir='ltr'>Nam,</span> <span class='ocrx_word' id='word_1_145' title='bbox 809 2246 881 2311; x_wconf 83' lang='lat' dir='ltr'>quae</span> <span class='ocrx_word' id='word_1_146' title='bbox 902 2227 946 2290; x_wconf 87' lang='lat' dir='ltr'>cst</span> <span class='ocrx_word' id='word_1_147' title='bbox 966 2227 1076 2315; x_wconf 90' lang='lat' dir='ltr'>super·</span> 
     </span>
     <span class='ocr_line' id='line_1_20' title="bbox 139 2324 1077 2416; baseline 0.007 -26"><span class='ocrx_word' id='word_1_148' title='bbox 139 2328 150 2390; x_wconf 69' lang='grc' dir='ltr'><strong><em>ἓ</em></strong></span> <span class='ocrx_word' id='word_1_149' title='bbox 165 2348 238 2416; x_wconf 88' lang='lat' dir='ltr'>quae</span> <span class='ocrx_word' id='word_1_150' title='bbox 251 2327 386 2404; x_wconf 69' lang='grc' dir='ltr'>ἁθεότηςὶ</span> <span class='ocrx_word' id='word_1_151' title='bbox 403 2349 475 2413; x_wconf 85' lang='lat' dir='ltr'>quae</span> <span class='ocrx_word' id='word_1_152' title='bbox 488 2326 603 2393; x_wconf 82' lang='lat' dir='ltr'>hanun</span> <span class='ocrx_word' id='word_1_153' title='bbox 619 2324 756 2411; x_wconf 78' lang='lat' dir='ltr'>species?</span> <span class='ocrx_word' id='word_1_154' title='bbox 780 2326 836 2412; x_wconf 93' lang='lat' dir='ltr'>qui</span> <span class='ocrx_word' id='word_1_155' title='bbox 849 2326 990 2413; x_wconf 79' lang='lat' dir='ltr'>gradus?</span> <span class='ocrx_word' id='word_1_156' title='bbox 1014 2330 1077 2397; x_wconf 84' lang='lat' dir='ltr'>Hia</span> 
     </span>
     <span class='ocr_line' id='line_1_21' title="bbox 138 2429 1076 2519; baseline 0.005 -25"><span class='ocrx_word' id='word_1_157' title='bbox 138 2451 181 2494; x_wconf 87' lang='lat' dir='ltr'>un</span> <span class='ocrx_word' id='word_1_158' title='bbox 203 2429 361 2516; x_wconf 82' lang='lat' dir='ltr'>explicitis</span> <span class='ocrx_word' id='word_1_159' title='bbox 379 2443 413 2494; x_wconf 91' lang='lat' dir='ltr'>et</span> <span class='ocrx_word' id='word_1_160' title='bbox 434 2429 517 2495; x_wconf 85' lang='lat' dir='ltr'>inter</span> <span class='ocrx_word' id='word_1_161' title='bbox 529 2431 560 2494; x_wconf 89' lang='lat' dir='ltr'>se</span> <span class='ocrx_word' id='word_1_162' title='bbox 578 2429 769 2515; x_wconf 82' lang='lat' dir='ltr'>comparatis</span> <span class='ocrx_word' id='word_1_163' title='bbox 790 2430 927 2519; x_wconf 86' lang='lat' dir='ltr'>intelligi</span> <span class='ocrx_word' id='word_1_164' title='bbox 944 2433 1076 2519; x_wconf 88' lang='lat' dir='ltr'>poterit,</span> 
     </span>
     <span class='ocr_line' id='line_1_22' title="bbox 138 2529 1077 2620; baseline 0.006 -27"><span class='ocrx_word' id='word_1_165' title='bbox 138 2529 280 2608; x_wconf 69' lang='grc' dir='ltr'><strong><em>ἀθεότητος</em></strong></span> <span class='ocrx_word' id='word_1_166' title='bbox 294 2530 413 2618; x_wconf 86' lang='lat' dir='ltr'>species</span> <span class='ocrx_word' id='word_1_167' title='bbox 427 2531 480 2595; x_wconf 94' lang='lat' dir='ltr'>cui</span> <span class='ocrx_word' id='word_1_168' title='bbox 499 2530 721 2618; x_wconf 82' lang='lat' dir='ltr'>superstitionis</span> <span class='ocrx_word' id='word_1_169' title='bbox 742 2530 868 2617; x_wconf 89' lang='lat' dir='ltr'>speciei,</span> <span class='ocrx_word' id='word_1_170' title='bbox 884 2532 939 2619; x_wconf 94' lang='lat' dir='ltr'>qui</span> <span class='ocrx_word' id='word_1_171' title='bbox 957 2533 1077 2620; x_wconf 79' lang='lat' dir='ltr'>gradus</span> 
     </span>
     <span class='ocr_line' id='line_1_23' title="bbox 138 2631 1076 2720; baseline 0.007 -25"><span class='ocrx_word' id='word_1_172' title='bbox 138 2631 212 2696; x_wconf 78' lang='lat' dir='ltr'>rcui</span> <span class='ocrx_word' id='word_1_173' title='bbox 225 2631 341 2718; x_wconf 87' lang='lat' dir='ltr'>gradui</span> <span class='ocrx_word' id='word_1_174' title='bbox 362 2632 458 2713; x_wconf 88' lang='lat' dir='ltr'>illius,</span> <span class='ocrx_word' id='word_1_175' title='bbox 473 2632 621 2697; x_wconf 81' lang='lat' dir='ltr'>anteferri</span> <span class='ocrx_word' id='word_1_176' title='bbox 640 2646 698 2698; x_wconf 92' lang='lat' dir='ltr'>aut</span> <span class='ocrx_word' id='word_1_177' title='bbox 718 2633 862 2720; x_wconf 83' lang='lat' dir='ltr'>postponi</span> <span class='ocrx_word' id='word_1_178' title='bbox 874 2634 1000 2699; x_wconf 89' lang='lat' dir='ltr'>debeat.</span> <span class='ocrx_word' id='word_1_179' title='bbox 1023 2636 1076 2704; x_wconf 84' lang='lat' dir='ltr'>Ac</span> 
     </span>
     <span class='ocr_line' id='line_1_24' title="bbox 138 2732 1077 2821; baseline 0.003 -25"><span class='ocrx_word' id='word_1_180' title='bbox 138 2754 199 2811; x_wconf 89' lang='lat' dir='ltr'>um,</span> <span class='ocrx_word' id='word_1_181' title='bbox 215 2732 248 2797; x_wconf 94' lang='lat' dir='ltr'>in</span> <span class='ocrx_word' id='word_1_182' title='bbox 266 2733 337 2819; x_wconf 73' lang='lat' dir='ltr'>ipsis</span> <span class='ocrx_word' id='word_1_183' title='bbox 351 2732 425 2813; x_wconf 83' lang='lat' dir='ltr'>illia,</span> <span class='ocrx_word' id='word_1_184' title='bbox 441 2732 481 2798; x_wconf 90' lang='lat' dir='ltr'>dc</span> <span class='ocrx_word' id='word_1_185' title='bbox 498 2733 614 2821; x_wconf 77' lang='lat' dir='ltr'>quibus</span> <span class='ocrx_word' id='word_1_186' title='bbox 635 2733 753 2820; x_wconf 82' lang='lat' dir='ltr'>agitur,</span> <span class='ocrx_word' id='word_1_187' title='bbox 775 2735 869 2800; x_wconf 83' lang='lat' dir='ltr'>rebua</span> <span class='ocrx_word' id='word_1_188' title='bbox 890 2734 1077 2799; x_wconf 75' lang='lat' dir='ltr'>definiendis</span> 
     </span>
     <span class='ocr_line' id='line_1_25' title="bbox 138 2833 1076 2922; baseline 0.002 -24"><span class='ocrx_word' id='word_1_189' title='bbox 138 2855 168 2898; x_wconf 80' lang='lat' dir='ltr'>ta</span> <span class='ocrx_word' id='word_1_190' title='bbox 179 2834 222 2898; x_wconf 88' lang='lat' dir='ltr'>est</span> <span class='ocrx_word' id='word_1_191' title='bbox 237 2833 418 2898; x_wconf 86' lang='lat' dir='ltr'>difficultas.</span> <span class='ocrx_word' id='word_1_192' title='bbox 448 2836 652 2922; x_wconf 73' lang='lat' dir='ltr'>Quamquam</span> <span class='ocrx_word' id='word_1_193' title='bbox 668 2836 786 2898; x_wconf 81' lang='lat' dir='ltr'>atheum</span> <span class='ocrx_word' id='word_1_194' title='bbox 799 2834 930 2922; x_wconf 91' lang='lat' dir='ltr'>quidem</span> <span class='ocrx_word' id='word_1_195' title='bbox 944 2833 1076 2900; x_wconf 84' lang='lat' dir='ltr'>desinire</span> 
     </span>
     <span class='ocr_line' id='line_1_26' title="bbox 138 2933 1077 3022; baseline 0.001 -23"><span class='ocrx_word' id='word_1_196' title='bbox 138 2933 258 2999; x_wconf 87' lang='lat' dir='ltr'>difficile</span> <span class='ocrx_word' id='word_1_197' title='bbox 271 2935 417 3015; x_wconf 80' lang='lat' dir='ltr'>videtur3</span> <span class='ocrx_word' id='word_1_198' title='bbox 440 2935 559 3022; x_wconf 90' lang='lat' dir='ltr'>quippe</span> <span class='ocrx_word' id='word_1_199' title='bbox 572 2957 638 3022; x_wconf 89' lang='lat' dir='ltr'>quo</span> <span class='ocrx_word' id='word_1_200' title='bbox 655 2936 722 3020; x_wconf 90' lang='lat' dir='ltr'>ipso</span> <span class='ocrx_word' id='word_1_201' title='bbox 735 2935 865 3000; x_wconf 90' lang='lat' dir='ltr'>nomine</span> <span class='ocrx_word' id='word_1_202' title='bbox 886 2935 1077 3021; x_wconf 87' lang='lat' dir='ltr'>fignificetur</span> 
     </span>
     <span class='ocr_line' id='line_1_27' title="bbox 138 3033 1076 3122; baseline 0.004 -25"><span class='ocrx_word' id='word_1_203' title='bbox 138 3033 284 3098; x_wconf 81' lang='lat' dir='ltr'>inullum</span> <span class='ocrx_word' id='word_1_204' title='bbox 299 3035 352 3120; x_wconf 75' lang='lat' dir='ltr'>effa</span> <span class='ocrx_word' id='word_1_205' title='bbox 367 3036 452 3097; x_wconf 79' lang='lat' dir='ltr'>deum</span> <span class='ocrx_word' id='word_1_206' title='bbox 471 3048 565 3121; x_wconf 80' lang='lat' dir='ltr'>putet.</span> <span class='ocrx_word' id='word_1_207' title='bbox 602 3035 704 3122; x_wconf 89' lang='lat' dir='ltr'>Atqui</span> <span class='ocrx_word' id='word_1_208' title='bbox 724 3035 795 3099; x_wconf 74' lang='lat' dir='ltr'>hhec</span> <span class='ocrx_word' id='word_1_209' title='bbox 814 3035 910 3099; x_wconf 84' lang='lat' dir='ltr'>etiam</span> <span class='ocrx_word' id='word_1_210' title='bbox 931 3036 1076 3102; x_wconf 84' lang='lat' dir='ltr'>definitio</span> 
     </span>
     <span class='ocr_line' id='line_1_28' title="bbox 138 3134 1076 3224; baseline 0.002 -25"><span class='ocrx_word' id='word_1_211' title='bbox 138 3135 339 3222; x_wconf 63' lang='lat' dir='ltr'>intelligatur,</span> <span class='ocrx_word' id='word_1_212' title='bbox 354 3135 407 3200; x_wconf 77' lang='lat' dir='ltr'>nist</span> <span class='ocrx_word' id='word_1_213' title='bbox 422 3149 515 3200; x_wconf 90' lang='lat' dir='ltr'>antea</span> <span class='ocrx_word' id='word_1_214' title='bbox 529 3135 708 3202; x_wconf 80' lang='lat' dir='ltr'>declaretur</span> <span class='ocrx_word' id='word_1_215' title='bbox 721 3134 798 3223; x_wconf 91' lang='lat' dir='ltr'>quid</span> <span class='ocrx_word' id='word_1_216' title='bbox 814 3137 849 3201; x_wconf 87' lang='lat' dir='ltr'>sit</span> <span class='ocrx_word' id='word_1_217' title='bbox 867 3134 899 3199; x_wconf 91' lang='lat' dir='ltr'>id</span> <span class='ocrx_word' id='word_1_218' title='bbox 912 3137 998 3224; x_wconf 91' lang='lat' dir='ltr'>quod</span> <span class='ocrx_word' id='word_1_219' title='bbox 1015 3137 1076 3201; x_wconf 82' lang='lat' dir='ltr'>Dei</span> 
     </span>
     <span class='ocr_line' id='line_1_29' title="bbox 138 3228 1075 3324; baseline 0.001 -23"><span class='ocrx_word' id='word_1_220' title='bbox 138 3236 203 3301; x_wconf 85' lang='lat' dir='ltr'>&gt;ulo</span> <span class='ocrx_word' id='word_1_221' title='bbox 216 3228 439 3323; x_wconf 75' lang='lat' dir='ltr'>significemus,</span> <span class='ocrx_word' id='word_1_222' title='bbox 452 3237 584 3301; x_wconf 91' lang='lat' dir='ltr'>omnino</span> <span class='ocrx_word' id='word_1_223' title='bbox 598 3260 671 3324; x_wconf 88' lang='lat' dir='ltr'>quae</span> <span class='ocrx_word' id='word_1_224' title='bbox 686 3238 723 3301; x_wconf 84' lang='lat' dir='ltr'>srt</span> <span class='ocrx_word' id='word_1_225' title='bbox 737 3237 881 3302; x_wconf 86' lang='lat' dir='ltr'>definitio</span> <span class='ocrx_word' id='word_1_226' title='bbox 895 3237 967 3302; x_wconf 80' lang='lat' dir='ltr'>Dei.</span> <span class='ocrx_word' id='word_1_227' title='bbox 1002 3240 1075 3303; x_wconf 88' lang='lat' dir='ltr'>Jarn</span> 
     </span>
     <span class='ocr_line' id='line_1_30' title="bbox 138 3337 1077 3425; baseline 0.004 -25"><span class='ocrx_word' id='word_1_228' title='bbox 138 3359 146 3400; x_wconf 78' lang='lat' dir='ltr'>r</span> <span class='ocrx_word' id='word_1_229' title='bbox 167 3337 296 3424; x_wconf 82' lang='lat' dir='ltr'>ignorat</span> <span class='ocrx_word' id='word_1_230' title='bbox 317 3350 512 3425; x_wconf 87' lang='lat' dir='ltr'>quantopere</span> <span class='ocrx_word' id='word_1_231' title='bbox 537 3339 570 3402; x_wconf 92' lang='lat' dir='ltr'>in</span> <span class='ocrx_word' id='word_1_232' title='bbox 595 3337 726 3404; x_wconf 87' lang='lat' dir='ltr'>notione</span> <span class='ocrx_word' id='word_1_233' title='bbox 746 3361 785 3404; x_wconf 92' lang='lat' dir='ltr'>ac</span> <span class='ocrx_word' id='word_1_234' title='bbox 810 3340 994 3406; x_wconf 85' lang='lat' dir='ltr'>definitione</span> <span class='ocrx_word' id='word_1_235' title='bbox 1015 3342 1077 3405; x_wconf 85' lang='lat' dir='ltr'>Dci</span> 
     </span>
     <span class='ocr_line' id='line_1_31' title="bbox 138 3438 1075 3529; baseline 0.004 -26"><span class='ocrx_word' id='word_1_236' title='bbox 138 3438 229 3503; x_wconf 80' lang='lat' dir='ltr'>uiant</span> <span class='ocrx_word' id='word_1_237' title='bbox 245 3462 309 3503; x_wconf 93' lang='lat' dir='ltr'>non</span> <span class='ocrx_word' id='word_1_238' title='bbox 327 3438 424 3504; x_wconf 91' lang='lat' dir='ltr'>modo</span> <span class='ocrx_word' id='word_1_239' title='bbox 446 3439 575 3504; x_wconf 82' lang='lat' dir='ltr'>universi</span> <span class='ocrx_word' id='word_1_240' title='bbox 589 3441 712 3527; x_wconf 89' lang='lat' dir='ltr'>populi,</span> <span class='ocrx_word' id='word_1_241' title='bbox 729 3441 828 3506; x_wconf 91' lang='lat' dir='ltr'>sedet</span> <span class='ocrx_word' id='word_1_242' title='bbox 840 3443 953 3529; x_wconf 85' lang='lat' dir='ltr'>finguli</span> <span class='ocrx_word' id='word_1_243' title='bbox 968 3442 1075 3508; x_wconf 84' lang='lat' dir='ltr'>honri-</span> 
     </span>
     <span class='ocr_line' id='line_1_32' title="bbox 148 3541 1077 3631; baseline 0.006 -26"><span class='ocrx_word' id='word_1_244' title='bbox 148 3563 209 3606; x_wconf 92' lang='lat' dir='ltr'>nec</span> <span class='ocrx_word' id='word_1_245' title='bbox 231 3541 331 3606; x_wconf 92' lang='lat' dir='ltr'>solum</span> <span class='ocrx_word' id='word_1_246' title='bbox 354 3542 480 3628; x_wconf 66' lang='lat' dir='ltr'>tulgus,</span> <span class='ocrx_word' id='word_1_247' title='bbox 503 3541 610 3607; x_wconf 87' lang='lat' dir='ltr'>sedet</span> <span class='ocrx_word' id='word_1_248' title='bbox 632 3543 806 3629; x_wconf 83' lang='lat' dir='ltr'>sapientea;</span> <span class='ocrx_word' id='word_1_249' title='bbox 829 3544 874 3609; x_wconf 88' lang='lat' dir='ltr'>ita</span> <span class='ocrx_word' id='word_1_250' title='bbox 889 3545 1020 3631; x_wconf 88' lang='lat' dir='ltr'>quidem</span> <span class='ocrx_word' id='word_1_251' title='bbox 1039 3558 1077 3611; x_wconf 93' lang='lat' dir='ltr'>ut</span> 
     </span>
     <span class='ocr_line' id='line_1_33' title="bbox 138 3641 1074 3730; baseline 0.004 -23"><span class='ocrx_word' id='word_1_252' title='bbox 138 3641 242 3730; x_wconf 88' lang='lat' dir='ltr'>plures</span> <span class='ocrx_word' id='word_1_253' title='bbox 263 3645 453 3729; x_wconf 85' lang='lat' dir='ltr'>parteafint,</span> <span class='ocrx_word' id='word_1_254' title='bbox 468 3644 638 3730; x_wconf 84' lang='lat' dir='ltr'>exquibus</span> <span class='ocrx_word' id='word_1_255' title='bbox 659 3643 728 3710; x_wconf 86' lang='lat' dir='ltr'>haec</span> <span class='ocrx_word' id='word_1_256' title='bbox 750 3646 839 3711; x_wconf 91' lang='lat' dir='ltr'>notio</span> <span class='ocrx_word' id='word_1_257' title='bbox 855 3647 1074 3726; x_wconf 81' lang='lat' dir='ltr'>constituatur,</span> 
     </span>
     <span class='ocr_line' id='line_1_34' title="bbox 138 3743 1075 3832; baseline 0.004 -25"><span class='ocrx_word' id='word_1_258' title='bbox 138 3744 208 3807; x_wconf 89' lang='lat' dir='ltr'>inus</span> <span class='ocrx_word' id='word_1_259' title='bbox 226 3743 258 3807; x_wconf 92' lang='lat' dir='ltr'>in</span> <span class='ocrx_word' id='word_1_260' title='bbox 278 3765 316 3807; x_wconf 89' lang='lat' dir='ltr'>ea</span> <span class='ocrx_word' id='word_1_261' title='bbox 334 3744 542 3809; x_wconf 86' lang='lat' dir='ltr'>consentiant.</span> <span class='ocrx_word' id='word_1_262' title='bbox 578 3743 643 3809; x_wconf 88' lang='lat' dir='ltr'>Sed</span> <span class='ocrx_word' id='word_1_263' title='bbox 657 3744 708 3809; x_wconf 87' lang='lat' dir='ltr'>sac</span> <span class='ocrx_word' id='word_1_264' title='bbox 722 3745 782 3810; x_wconf 83' lang='lat' dir='ltr'>effe</span> <span class='ocrx_word' id='word_1_265' title='bbox 797 3746 851 3832; x_wconf 92' lang='lat' dir='ltr'>qui</span> <span class='ocrx_word' id='word_1_266' title='bbox 865 3767 935 3812; x_wconf 87' lang='lat' dir='ltr'>eam</span> <span class='ocrx_word' id='word_1_267' title='bbox 951 3745 1075 3832; x_wconf 90' lang='lat' dir='ltr'>paucis·</span> 
     </span>
     <span class='ocr_line' id='line_1_35' title="bbox 143 3845 1075 3934; baseline 0 -24"><span class='ocrx_word' id='word_1_268' title='bbox 143 3845 376 3932; x_wconf 68' lang='lat' dir='ltr'>complectatur</span> <span class='ocrx_word' id='word_1_269' title='bbox 393 3845 652 3934; x_wconf 79' lang='lat' dir='ltr'>proprietatibus,</span> <span class='ocrx_word' id='word_1_270' title='bbox 666 3861 704 3911; x_wconf 92' lang='lat' dir='ltr'>ut</span> <span class='ocrx_word' id='word_1_271' title='bbox 717 3846 803 3911; x_wconf 92' lang='lat' dir='ltr'>dicat</span> <span class='ocrx_word' id='word_1_272' title='bbox 816 3848 914 3911; x_wconf 76' lang='lat' dir='ltr'>Deum</span> <span class='ocrx_word' id='word_1_273' title='bbox 927 3848 980 3933; x_wconf 77' lang='lat' dir='ltr'>effi</span> <span class='ocrx_word' id='word_1_274' title='bbox 992 3870 1075 3910; x_wconf 83' lang='lat' dir='ltr'>men·</span> 
     </span>
     <span class='ocr_line' id='line_1_36' title="bbox 138 3947 1075 4033; baseline 0.002 -22"><span class='ocrx_word' id='word_1_275' title='bbox 138 3959 286 4026; x_wconf 70' lang='lat' dir='ltr'>eternam,</span> <span class='ocrx_word' id='word_1_276' title='bbox 313 3948 438 4011; x_wconf 85' lang='lat' dir='ltr'>omnium</span> <span class='ocrx_word' id='word_1_277' title='bbox 462 3970 559 4010; x_wconf 83' lang='lat' dir='ltr'>rerum</span> <span class='ocrx_word' id='word_1_278' title='bbox 586 3947 752 4011; x_wconf 79' lang='lat' dir='ltr'>creatricem</span> <span class='ocrx_word' id='word_1_279' title='bbox 774 3959 803 4011; x_wconf 76' lang='lat' dir='ltr'>et</span> <span class='ocrx_word' id='word_1_280' title='bbox 827 3947 1075 4033; x_wconf 78' lang='lat' dir='ltr'>gubernatricem.</span> 
     </span>
     <span class='ocr_line' id='line_1_37' title="bbox 138 4047 1074 4136; baseline 0.002 -24"><span class='ocrx_word' id='word_1_281' title='bbox 138 4060 166 4128; x_wconf 87' lang='lat' dir='ltr'>t,</span> <span class='ocrx_word' id='word_1_282' title='bbox 180 4048 236 4136; x_wconf 82' lang='lat' dir='ltr'>qur</span> <span class='ocrx_word' id='word_1_283' title='bbox 251 4071 325 4113; x_wconf 89' lang='lat' dir='ltr'>eum</span> <span class='ocrx_word' id='word_1_284' title='bbox 340 4070 465 4134; x_wconf 90' lang='lat' dir='ltr'>parum,</span> <span class='ocrx_word' id='word_1_285' title='bbox 479 4062 586 4127; x_wconf 84' lang='lat' dir='ltr'>erunt,</span> <span class='ocrx_word' id='word_1_286' title='bbox 598 4049 654 4135; x_wconf 93' lang='lat' dir='ltr'>qui</span> <span class='ocrx_word' id='word_1_287' title='bbox 668 4048 804 4115; x_wconf 90' lang='lat' dir='ltr'>nimium</span> <span class='ocrx_word' id='word_1_288' title='bbox 819 4047 925 4112; x_wconf 77' lang='lat' dir='ltr'>dixisse</span> <span class='ocrx_word' id='word_1_289' title='bbox 938 4061 1074 4133; x_wconf 81' lang='lat' dir='ltr'>putent:</span> 
     </span>
     <span class='ocr_line' id='line_1_38' title="bbox 138 4147 1076 4235; baseline 0.002 -22"><span class='ocrx_word' id='word_1_290' title='bbox 138 4149 152 4213; x_wconf 89' lang='lat' dir='ltr'>i</span> <span class='ocrx_word' id='word_1_291' title='bbox 177 4149 209 4214; x_wconf 90' lang='lat' dir='ltr'>sc</span> <span class='ocrx_word' id='word_1_292' title='bbox 230 4147 342 4213; x_wconf 79' lang='lat' dir='ltr'>atheos</span> <span class='ocrx_word' id='word_1_293' title='bbox 366 4147 486 4228; x_wconf 88' lang='lat' dir='ltr'>volent,</span> <span class='ocrx_word' id='word_1_294' title='bbox 512 4147 640 4235; x_wconf 87' lang='lat' dir='ltr'>utrique</span> <span class='ocrx_word' id='word_1_295' title='bbox 662 4162 696 4214; x_wconf 90' lang='lat' dir='ltr'>et</span> <span class='ocrx_word' id='word_1_296' title='bbox 716 4149 803 4213; x_wconf 92' lang='lat' dir='ltr'>hunc</span> <span class='ocrx_word' id='word_1_297' title='bbox 826 4162 861 4212; x_wconf 90' lang='lat' dir='ltr'>et</span> <span class='ocrx_word' id='word_1_298' title='bbox 884 4148 915 4211; x_wconf 92' lang='lat' dir='ltr'>se</span> <span class='ocrx_word' id='word_1_299' title='bbox 940 4147 1076 4215; x_wconf 84' lang='lat' dir='ltr'>invicem</span> 
     </span>
     <span class='ocr_line' id='line_1_39' title="bbox 138 4248 1099 4336; baseline 0 -20"><span class='ocrx_word' id='word_1_300' title='bbox 138 4272 159 4316; x_wconf 74' lang='lat' dir='ltr'>n</span> <span class='ocrx_word' id='word_1_301' title='bbox 181 4249 301 4315; x_wconf 88' lang='lat' dir='ltr'>dicent.</span> <span class='ocrx_word' id='word_1_302' title='bbox 337 4248 512 4332; x_wconf 78' lang='lat' dir='ltr'>Nmirum,</span> <span class='ocrx_word' id='word_1_303' title='bbox 537 4248 689 4336; x_wconf 86' lang='lat' dir='ltr'>inquiunt</span> <span class='ocrx_word' id='word_1_304' title='bbox 710 4249 813 4329; x_wconf 82' lang='lat' dir='ltr'>alteri,</span> <span class='ocrx_word' id='word_1_305' title='bbox 836 4249 897 4313; x_wconf 69' lang='lat' dir='ltr'>Dei</span> <span class='ocrx_word' id='word_1_306' title='bbox 921 4249 998 4318; x_wconf 79' lang='lat' dir='ltr'>notio</span> <span class='ocrx_word' id='word_1_307' title='bbox 1020 4274 1099 4316; x_wconf 67' lang='lat' dir='ltr'>nou⁴</span> 
     </span>
     <span class='ocr_line' id='line_1_40' title="bbox 521 4370 608 4441; baseline 0 0"><span class='ocrx_word' id='word_1_308' title='bbox 521 4370 608 4441; x_wconf 72' lang='lat'>3⁸2</span> 
     </span>
    </p>
   </div>
   <div class='ocr_carea' id='block_1_6' title="bbox 0 0 1354 4928">
    <p class='ocr_par' dir='ltr' id='par_1_6' title="bbox 0 0 1354 4928">
     <span class='ocr_line' id='line_1_41' title="bbox 0 0 1354 4928; baseline 0 0"><span class='ocrx_word' id='word_1_309' title='bbox 0 0 1354 4928; x_wconf 95' lang='lat' dir='ltr'> </span> 
     </span>
    </p>
   </div>
  </div>
 </body>
</html>
