2700 4928
278 358 339 432 098
469 355 507 414 D.
515 355 567 412 W.
586 352 793 412 ANIMADV.
813 351 860 412 IN
880 347 1111 410 PLUTARCHI

280 514 423 604 sophiam
443 516 494 581 vel
512 517 685 595 inventam,
707 516 758 605 vel
776 516 902 581 ousiam
921 511 1066 578 domins
1079 505 1213 588 Morali,
1228 528 1306 595 quta

279 636 320 684 cx
340 616 442 682 tribus
470 615 679 706 Philosophiae
700 615 843 704 partibus
868 616 1022 702 postrema
1045 609 1181 689 accessit,
1204 609 1304 696 conji-

279 714 366 782 tandi
378 716 518 780 officium
533 730 601 781 erat
615 717 648 780 in
668 716 779 802 primis
796 729 962 802 poetarum
977 736 1051 777 oum
1066 709 1304 797 Elegiacorum,

278 826 351 885 tum
371 815 573 903 Lyricorum,
592 831 663 881 tum
682 815 816 881 aliorum
836 815 953 881 etiamr
976 813 1171 897 furemntque
1192 808 1227 876 ln
1248 807 1304 875 illo

278 938 396 1005 genere
415 930 450 983 et
464 917 653 983 Archilochi
667 917 827 1003 quadam,
841 915 1010 1001 dequibus
1024 907 1304 978 annotavimusatl

278 1038 313 1105 p.
328 1036 382 1104 23.
402 1021 445 1083 A.
459 1019 497 1083 Β.
514 1032 548 1084 ct
565 1019 681 1104 33.B:
713 1017 836 1084 Pindari
855 1023 967 1103 ipisus:
989 1015 1125 1081 alionum
1147 1012 1222 1091 alie,
1242 1035 1303 1078 cu·

273 1116 416 1208 jusmodi
429 1118 526 1185 habet
539 1120 685 1184 Stobreus
703 1117 864 1205 Florilegii
875 1116 984 1182 Titulo
999 1112 1157 1180 CXXIII.
1174 1111 1228 1178 cui
1241 1132 1301 1177 no·

277 1239 353 1285 men
374 1220 418 1285 est
438 1224 635 1307 Ilapnyoptnai,
653 1219 687 1284 id
705 1220 760 1299 est,
777 1217 986 1306 Consolatoria.
1012 1218 1092 1281 Mox
1107 1213 1218 1278 solutae
1230 1232 1301 1278 m·

278 1319 375 1387 tionis
388 1321 555 1407 scriptores
575 1322 609 1386 in
629 1322 770 1387 muneris
784 1321 965 1386 societatem
980 1318 1185 1395 accesserunt,
1206 1314 1304 1403 idque

278 1422 409 1488 tandem
435 1437 473 1488 ut
499 1424 663 1511 proprium
688 1424 908 1489 obtinuerunt.
950 1424 993 1486 Et
1013 1442 1093 1507 quos
1114 1418 1248 1506 quidem
1269 1418 1302 1483 in

277 1523 342 1590 hoc
364 1547 498 1591 numero
517 1525 700 1591 censeamus
723 1546 923 1611 quorumque
945 1522 1093 1588 notitiam
1117 1519 1303 1599 habeamus,

277 1624 314 1691 hi
326 1626 393 1691 fere
405 1626 489 1691 sunt.
520 1626 710 1705 Alcidamas,
725 1626 843 1712 dequo
859 1625 972 1689 Cicero
985 1624 1079 1689 Tusc.
1095 1623 1122 1686 Ι.
1137 1622 1193 1703 48.
1207 1622 1305 1686 rhetor

277 1725 419 1812 antiquus
433 1725 466 1790 in
482 1726 587 1814 primis
600 1726 720 1806 nobilis,
734 1727 853 1814 scrippit
872 1725 958 1788 etiam
975 1723 1194 1789 Laudationem
1211 1722 1303 1789 Mor·

278 1828 329 1908 tis,
350 1852 419 1915 qua
441 1827 548 1915 corytos
569 1852 605 1894 ex
628 1823 841 1893 enumeratione
859 1829 1053 1891 bumanorum
1073 1826 1236 1891 matorumt
1258 1826 1306 1891 aui

132 1943 138 1953 “
277 1927 405 1994 rationes
424 1952 478 2009 ιω,
501 1951 570 2016 quae
586 1928 753 2017 exquisitius
767 1952 788 1991 a
802 1925 978 2015 pbilosophis
992 1923 1184 2011 colliguntur,
1198 1924 1305 2012 desua-

277 2043 359 2109 runt‚
379 2031 500 2095 ubertas
521 2031 659 2096 orationis
678 2055 736 2095 non
751 2030 867 2117 defuit.-
889 2029 946 2115 qui
958 2025 1028 2115 ejus
1040 2020 1240 2093 intentionem
1254 2027 1304 2094 le·

277 2144 404 2209 cerunt,
419 2131 472 2195 alii
486 2131 622 2216 Antiqui
634 2143 853 2194 memorantur
865 2129 906 2194 ab
918 2130 949 2194 J.
960 2127 1084 2194 Davilio
1097 2125 1139 2192 ad
1151 2126 1241 2192 hunc
1253 2127 1305 2194 lo·

277 2253 365 2296 cum.
400 2231 575 2316 Antiphon:
596 2229 689 2315 cujus
703 2230 765 2294 suit
785 2229 865 2295 liber
885 2228 1052 2315 inscriptus
1071 2227 1157 2315 τέχνη
1171 2229 1305 2310 inuam,

278 2343 311 2394 ct
323 2328 418 2414 hujus
431 2330 507 2394 artis
520 2330 666 2394 officina:
690 2331 765 2394 teste
783 2327 1095 2394 Pseudo-Plutarcho
1111 2328 1145 2393 iu
1158 2328 1245 2396 Vitis
1259 2331 1305 2396 X.

278 2431 450 2496 Oratorum
472 2449 505 2514 p.
524 2431 598 2514 833.
615 2429 655 2493 C.
679 2429 777 2494 srmile
800 2428 879 2515 quid
901 2427 1094 2515 significante
1118 2428 1306 2497 Philostrato

277 2530 310 2595 in
324 2529 408 2596 Vitis
422 2529 559 2617 Sophist.
576 2531 604 2594 l.
619 2544 669 2614 15.
680 2549 713 2614 3.
735 2530 919 2594 Democritus
933 2530 967 2593 in
981 2528 1064 2595 libro
1077 2531 1144 2617 angl
1160 2530 1305 2614 εὐθυμίας.

276 2634 469 2723 Hipparchus
497 2634 738 2722 Pythagoricus,
763 2656 802 2699 ex
826 2634 918 2721 cujus
940 2633 1056 2721 scripto
1079 2635 1146 2722 περὶ
1172 2636 1306 2719 εὐθυμίας

276 2735 467 2823 particulam
488 2736 618 2801 serravit
639 2736 787 2801 Stobaeus
812 2736 961 2823 Florileg.
984 2738 1088 2803 Serm.
1106 2737 1194 2802 CVI.
1217 2738 1306 2803 unde
1342 2729 1344 2733 ’

277 2838 464 2904 Plutarchus
494 2838 641 2924 quaedam
671 2838 719 2903 in·
737 2838 821 2903 hanc
848 2839 1013 2924 Apollonii
1042 2839 1306 2910 Consolationem

275 2937 459 3005 umssuliffe
472 2939 606 3005 videtur.
636 2940 778 3004 Prodicus
792 2940 1060 3005 declamationem
1074 2941 1186 3007 habuit
1200 2941 1243 3008 de
1255 2943 1305 3008 vi·

275 3052 318 3103 tre
339 3038 585 3119 calamitatibus,
608 3041 683 3104 teste
705 3041 856 3126 scriptore
874 3040 1025 3121 Aniochi,
1048 3042 1105 3128 qui
1123 3042 1221 3131 vulgo
1240 3045 1304 3111 AE·

275 3138 391 3204 schinis
412 3139 542 3204 nomine
563 3141 674 3220 fertur,
696 3140 768 3205 inde
787 3141 872 3205 idem
887 3154 1114 3228 argumentum
1130 3144 1250 3229 repetit
1269 3144 1305 3233 5.

277 3257 308 3324 7.
344 3240 540 3306 Antimachus
561 3257 667 3327 pocta,
682 3242 735 3327 qui
757 3242 790 3306 in
813 3241 924 3327 Elegia
938 3242 1022 3327 Lyde
1039 3244 1070 3307 se
1085 3242 1150 3330 ipse
1164 3244 1307 3311 inobitu

276 3339 383 3404 uxoris
403 3340 504 3429 Lydas
527 3341 706 3406 consolatus
729 3343 784 3422 est,
806 3357 844 3408 ut
867 3343 900 3407 in
920 3342 983 3408 hoc
1004 3343 1087 3409 libro
1107 3345 1172 3430 ipse
1196 3346 1306 3430 prodit

277 3443 466 3511 Plutarchus
493 3467 526 3530 p.
545 3445 616 3508 106.
639 3446 678 3510 Ε.
721 3446 810 3511 Plato
832 3446 864 3510 in
891 3432 1061 3527 Phaedone,
1082 3447 1250 3534 Aristotcles
1271 3450 1305 3516 iu

276 3542 434 3624 Eudemo,
448 3545 488 3609 ad
503 3546 565 3610 hoc
578 3569 681 3632 genus
695 3547 868 3632 pertinent.
906 3548 1085 3613 Xenocrates
1105 3551 1171 3635 περὶ
1193 3552 1312 3618 &usin

275 3658 472 3713 memoratus
492 3647 635 3734 Diogeni
656 3648 784 3713 Laertio
808 3651 864 3714 IV.
883 3669 934 3716 12.
955 3674 975 3714 a
989 3650 1177 3736 quibusdam
1191 3674 1304 3720 recen·

274 3747 394 3815 tiorum
406 3744 492 3811 idem
507 3746 646 3827 habitus,
667 3747 722 3834 qui
735 3749 895 3814 AEschinis
915 3750 1094 3816 Axiochus.
1132 3753 1304 3840 Theophra·

264 3852 332 3938 stus
345 3852 379 3917 in
388 3850 474 3919 libro
487 3849 672 3928 Kormasa,
686 3850 702 3928 l
719 3851 787 3938 vagi
805 3851 925 3931 abiar,
948 3852 1067 3940 dequo
1082 3853 1196 3919 Cicero
1209 3857 1307 3923 Tusc.

276 3956 404 4020 Ill.1o.
418 3954 502 4040 V.9.
517 3965 551 4017 et
562 3951 627 4017 alil.
659 3953 798 4030 Crantor,
814 3975 897 4017 unus
912 3952 1058 4019 omnium
1072 3954 1222 4020 hocloco
1239 3970 1306 4022 tra·

275 4055 391 4122 &ando
404 4054 445 4122 ad
458 4054 674 4143 posteritatem⁴
682 4053 873 4131 celebratus,
891 4076 910 4118 a
928 4054 1020 4141 cujus
1041 4056 1123 4121 libro
1141 4057 1181 4122 dc
1198 4060 1307 4126 thlu

274 4170 309 4222 et
331 4157 446 4222 Cicero
467 4156 577 4222 multis
597 4156 753 4242 partibus,
773 4168 808 4222 et
825 4168 914 4220 totus
936 4169 1025 4220 certo
1047 4158 1248 4240 Plutarchus,
1271 4162 1305 4229 in

274 4258 338 4325 hoc
351 4271 543 4344 argumento
556 4255 714 4344 pendent.
745 4256 888 4343 Hegestas
901 4258 1101 4336 πεισιθάνατος
1115 4259 1241 4343 (licius3
1264 4263 1307 4329 de
