2700 4928
271 302 361 385 'roro
472 316 1130 387 u.w.arr1uanv.rurru‘raucr11

274 504 380 570 neque
402 496 509 548 tamen
532 483 687 547 affirmare
706 481 869 568 pollumue
886 500 941 545 eac
954 500 997 544 err
1007 478 1065 544 liic
1079 477 1205 565 potius,
1217 496 1303 564 qnam

274 585 356 663 aliis,
375 584 535 649 Plutarchi
550 584 637 647 libris
658 584 776 648 sumtas
793 582 869 660 else3
893 581 1163 677 quandoquidem
1187 579 1220 643 in
1241 601 1304 644 om·

276 684 370 751 nibus
391 684 461 772 ejus
484 685 607 772 scriptis
627 685 775 772 frequens
788 686 832 749 est
847 683 970 748 mentio
983 682 1304 768 apophthegmatum.

274 786 384 869 Atque
400 784 482 847 hanc
497 806 561 873 ego
576 783 738 851 Plutarchi
753 781 1031 859 cousuetudinmr‚
1050 781 1116 853 hoc
1128 779 1304 867 apophthe-

274 897 422 971 gmatum
439 883 575 948 studium
598 907 726 949 mecum
741 884 899 971 cogitant,
914 896 1141 968 quantumque
1163 878 1301 945 momen·

224 1026 236 1049 .
275 996 345 1047 tum
365 983 398 1047 in
420 983 601 1071 hujusmodi
619 999 714 1048 acute
735 997 769 1048 et
791 982 896 1048 subito
916 981 1009 1046 dietis
1028 982 1187 1066 fastisque
1200 981 1241 1045 ad
1252 1003 1302 1044 co·

272 1082 472 1168 gnoscendoe
492 1105 609 1162 morea,
623 1084 747 1148 animoa
763 1083 954 1171 ingeniaque
966 1081 1144 1147 laomim
1159 1080 1299 1166 posuerit,

275 1183 339 1269 ipse
354 1184 416 1248 hoc
430 1183 565 1248 studium
583 1183 805 1271 judiciumque
825 1185 907 1270 saepe
925 1183 1080 1268 profellim
1100 1183 1149 1261 fit,
1164 1181 1300 1247 velutiin

274 1283 351 1350 Vna
368 1284 539 1349 Alexandri
562 1306 595 1370 p.
611 1287 686 1366 664.
701 1287 736 1349 F.
768 1285 902 1353 Catoma
915 1284 1001 1348 Μιιι
1017 1299 1094 1368 770.
1109 1283 1152 1348 C.
1175 1298 1248 1366 777
1261 1285 1298 1346 E

275 1399 309 1450 ct
327 1384 409 1449 libro
432 1387 482 1450 De
505 1387 557 1449 lra
578 1384 768 1451 Cohibenda
785 1408 824 1450 ex
844 1383 997 1449 Fundanii
1013 1383 1150 1469 persona
1163 1383 1299 1448 differem

275 1487 406 1552 testetur
428 1489 458 1553 se
479 1486 660 1573 hujusmodi
675 1456 762 1553 ultra
777 1487 924 1572 facieque
942 1485 1099 1572 colligere
1120 1505 1154 1570 p.
1169 1484 1296 1569 457.E:

275 1590 354 1653 διὸ
336 1616 358 1674 rg
380 1590 506 1674 συνάγειν
524 1616 565 1652 aa
583 1597 723 1675 ⁶5⁸3&th
742 1585 788 1667 rw)
808 1588 1004 1674 ἀναγινώσκειν
1024 1591 1054 1650 οὔ
1074 1595 1170 1651 ταῦτα
1189 1586 1267 1664 ii'
1230 1609 1299 1668 μιν

276 1696 315 1755 τὰ
327 1701 380 1755 τῶν
393 1691 556 1773 φιλοσόφων,
572 1688 614 1765 οὕς
630 1708 698 1771 φασι
715 1693 806 1775 χολὴν
824 1693 873 1752 οὐκ
894 1689 967 1774 ἔχιν
981 1694 1004 1751 ol
1019 1695 1078 1751 νοῦν
1093 1687 1216 1773 ἔχοντες,
1230 1688 1297 1748 rim

157 1789 161 1799 ⁸
276 1797 388 1874 fiante
405 1795 446 1859 ml
467 1799 521 1859 riu
528 1789 680 1871 Μελῶν
699 1788 746 1868 καὶ
765 1790 913 1875 regalem,
926 1789 990 1859 ,olea
1001 1789 1216 1872 &muritta-z
1230 1788 1297 1861 lm

276 1891 377 1979 igitur
393 1915 521 1957 mecum
539 1891 697 1978 cogitans,
719 1890 865 1955 dubitare
887 1912 951 1955 non
973 1889 1108 1983 polium⁸
1121 1889 1199 1975 quin
1220 1889 1296 1954 Plut-

276 1993 394 2058 archus
406 1993 505 2057 libros
519 1991 844 2078 Apophthegmatum
858 1988 1088 2076 conscripserit.
1123 1991 1239 2076 Neque
1255 2011 1297 2054 mc

276 2110 384 2161 movet
399 2095 486 2181 quod
507 2095 539 2159 in
563 2094 613 2158 his
632 2095 718 2159 libris
732 2117 797 2158 non
811 2094 912 2159 solum
933 2094 1238 2180 Apophtbegmata,
1255 2089 1296 2157 led

276 2194 374 2258 etiam
396 2195 629 2280 strategemata
654 2208 832 2257 narrantur.
877 2194 960 2257 Sunt
981 2194 1070 2257 enirn
1091 2206 1227 2280 utraque
1247 2213 1297 2283 ge·

275 2292 553 2379 uere.conjunela;
566 2314 678 2378 meque
692 2293 725 2356 in
740 2292 832 2357 diuis
847 2293 1086 2373 tantummodo,
1100 2293 1202 2359 sedin
1218 2292 1298 2358 ladit

275 2415 404 2481 quoque
426 2392 587 2480 sapillrme
602 2395 654 2458 est
678 2394 863 2481 fignificatio
887 2395 1054 2474 acuminis,
1078 2394 1225 2473 solertia,
1249 2415 1298 2458 cc·

274 2493 453 2583 gitatiouia,
467 2508 503 2560 et
515 2494 721 2580 quasrtacitae
734 2495 903 2561 ditiioniar
920 2519 986 2561 nec
1004 2511 1134 2563 tautum
1145 2497 1297 2572 oratione,

274 2596 329 2661 lod
342 2594 465 2660 uitione
479 2594 651 2681 loquimur.
689 2595 785 2661 Unde
800 2597 935 2661 fitutia
951 2597 1097 2678 Frontini
1114 2611 1149 2662 ct
1170 2594 1297 2684 Bolynni

276 2699 563 2785 strategematibus
582 2697 713 2763 subinde
734 2698 853 2763 exstent
869 2699 1175 2787 Apophthagmata,
1191 2699 1299 2786 quippe

275 2813 396 2887 quaeat
411 2798 477 2885 ipsa
487 2799 553 2863 ‚vim
570 2800 842 2886 strategematum
856 2798 1007 2864 habeant.
1028 2803 1102 2867 Jam
1117 2800 1207 2865 istud
1222 2800 1298 2888 puti-

275 2900 354 2971 dum
377 2900 413 2964 lit
436 2923 588 2986 quarere,
610 2915 718 2966 utrum
739 2899 809 2966 hac
829 2922 864 2964 re
887 2921 960 2965 vera
980 2902 1022 2964 ab
1046 2900 1110 2965 illis
1131 2901 1206 2967 viris
1225 2901 1299 2966 diua
1342 2936 1344 2945 ·

276 2999 347 3077 lint,
357 3021 408 3062 an
427 3001 468 3063 ab
486 2999 556 3063 aliis
577 3000 713 3065 conlidia
730 2998 808 3062 falso
822 2999 939 3063 horum
955 2999 1298 3067 nominibuclerautur.

274 3100 359 3165 Satis
374 3101 429 3178 est,
443 3099 489 3163 ita
501 3099 658 3165 creditum
673 3115 707 3163 et
726 3099 757 3162 in
774 3100 907 3167 historiis
921 3099 1074 3165 traditum
1090 3101 1167 3182 effe,
1183 3101 1301 3173 occilla

274 3199 361 3265 diua
374 3200 416 3264 ab
429 3199 616 3264 eorumdem
634 3200 771 3263 virorum
792 3201 897 3280 fauts,
915 3202 1070 3281 moribus,
1091 3202 1243 3290 ingeniis,
1258 3202 1300 3268 lov

273 3298 740 3386 cia„tamporibuaabhorrere.
757 3301 872 3386 ,Quam
886 3301 1017 3387 quidem
1031 3301 1302 3385 verifimilitudiu'u

273 3417 399 3490 partem
417 3401 558 3466 universe
573 3402 606 3465 in
622 3400 671 3464 his
687 3401 882 3466 Plutarcheis
896 3403 989 3467 libris
1003 3426 1068 3467 non
1083 3403 1300 3481 defideramua

271 3506 392 3591 Neque
420 3516 528 3567 tamen
547 3502 672 3567 idcirco
700 3503 854 3568 affirmare
879 3504 988 3582 anim,
1014 3526 1071 3569 eoa
1093 3527 1113 3569 a
1138 3506 1302 3572 Plutarcho

274 3604 557 3691 conscriptorem,
571 3620 627 3668 aut
642 3604 686 3668 ita
704 3605 745 3669 ab
764 3627 802 3670 eo
822 3606 1029 3692 conscriptos,
1043 3621 1082 3671 ut
1096 3630 1186 3674 nunc
1200 3608 1302 3674 lerun-

272 3723 341 3777 tur.
370 3706 508 3773 Materia
521 3705 651 3792 quidem
665 3729 683 3770 e
699 3706 822 3791 scriptia
839 3706 999 3771 Plutarchi
1014 3708 1152 3773 colleeia
1164 3711 1208 3775 eli
1218 3735 1228 3776 ε
1238 3731 1303 3785 ‚nec

271 3812 310 3879 iu
333 3811 428 3876 rebus
452 3830 512 3872 uec
533 3808 565 3872 in
590 3807 667 3894 stylo
688 3821 722 3871 et
743 3807 899 3887 oratione,
918 3809 1061 3893 exceptis
1075 3809 1304 3898 „pauciqquid

272 3912 373 3978 alieni
387 3922 529 3998 apparet.
565 3908 766 3995 Potuitergo
782 3907 845 3995 ipse
859 3908 1024 3973 materiam
1044 3926 1080 3979 et
1099 3912 1203 3977 esuis
1220 3927 1304 3978 etex

272 4013 412 4078 aliorum
428 4009 548 4096 scriptia
569 4007 720 4094 colligere
743 4008 943 4081 Plutarchus.
980 4011 1055 4074 Huc
1070 4025 1182 4077 tamen
1197 4013 1225 4077 fi
1242 4014 1304 4100 ipsc

270 4113 408 4190 deciliet,
417 4111 563 4199 primum
575 4108 761 4172 uberiorem
784 4109 1021 4194 plenioremque
1044 4110 1219 4200 collegiffet
1235 4134 1302 4178 ma·

271 4211 412 4292 teriam
435 4208 604 4299 liquidem
626 4207 730 4274 multa
747 4208 1047 4297 Apophthegmata,
1070 4210 1104 4295 in
1128 4212 1199 4279 aliia
1218 4213 1303 4279 libr‘u·

517 4506 694 4592 A
