2700 4928
309 346 656 409 1111111111111111.
672 347 1043 427 coNvlv.p.1⁵7.0,D.
1134 344 1193 419 967

155 507 252 595 issiim
264 510 296 572 ri
311 510 469 600 σύμμετρον
482 511 529 588 καὶ
543 511 655 577 ditatur·
678 495 755 578 item
772 527 846 598 719.
861 512 900 574 Β.
925 510 950 575 Ι.
965 509 1018 594 85.
1030 509 1075 574 D.
1101 508 1193 572 Plato

155 612 238 696 lag.
254 611 316 674 Vl.
339 633 373 698 p.
391 615 466 698 615.
486 615 523 691 F,
539 615 581 678 G.
600 614 663 700 seq.
697 611 881 679 Aristoteles
897 610 1033 695 Republ.
1049 610 1144 696 sepe,
1160 608 1192 673 in

156 710 270 796 primis
285 714 328 779 V.
346 733 375 778 1.
399 716 458 780 Vl.
472 734 504 803 3.
543 716 663 779 Hieran
676 736 728 800 up.
744 713 913 779 Stob.‘1it.
931 713 991 776 IX.
1005 732 1039 797 p.
1051 712 1124 777 106.

200 827 275 898 157.
291 814 331 878 C.
353 817 387 877 τὸ
399 817 498 901 πρίνινον
518 818 605 901 ὑμῶν]
640 815 770 880 Βεᾶἱιιε
784 821 869 897 ἡμῶν,
885 816 929 879 Α.
950 812 1043 878 Harl.
1059 832 1090 876 1.
1107 829 1137 878 2.
1150 810 1191 875 Τ.

148 916 195 980 Β.
210 916 246 979 Ρ.
261 928 295 980 at
310 917 416 981 minus
431 917 526 981 etiam
543 919 624 981 bene
640 921 702 1000 ὑμῖν
717 917 825 980 Anon.
840 917 883 980 V.

201 1034 277 1102 157.
291 1018 331 1082 C.
354 1023 457 1104 ἑταῖρον
472 1021 559 1104 ἡμῶν]
585 1024 660 1100 ὑμῶν
674 1021 716 1083 Α.
728 1020 766 1082 Β.
777 1017 864 1085 Voff.
885 1015 978 1081 Harl.
991 1035 1020 1080 1.
1033 1032 1065 1082 2.
1080 1013 1189 1079 Anou.

155 1119 248 1193 ΙΝ.
259 1119 298 1183 Β.
314 1121 348 1183 P.
363 1119 484 1205 quippe
501 1118 695 1183 anonnulliu
710 1119 793 1182 inter
806 1120 883 1184 VII.
898 1116 1055 1203 sapientes
1073 1135 1190 1179 nume-

149 1219 300 1299 'rubatuu
318 1233 356 1284 ut
375 1220 420 1284 ait
436 1219 624 1284 Plutarchus
639 1219 671 1283 iu
688 1219 805 1283 Solone
821 1240 855 1304 p.
868 1219 920 1301 84.
933 1218 978 1282 D.

201 1336 277 1407 157.
291 1323 336 1387 Ι).
358 1322 483 1395 Σόλωνος
499 1323 526 1384 δὲ
540 1321 613 1400 ξένον
627 1321 852 1406 ’Dttpm'im-]
878 1321 929 1385 De
943 1318 1082 1405 hospitio
1096 1317 1190 1383 Solo·

148 1425 267 1489 miset
294 1423 492 1510 Epimenidis
517 1424 691 1510 probabilis
714 1424 757 1488 est
783 1421 966 1510 conjcdura
990 1443 1030 1486 ex
1052 1421 1192 1486 adventu

155 1525 254 1613 hujus
264 1525 414 1590 Athenas
428 1525 468 1589 ad
482 1523 722 1611 expurgandum
737 1523 838 1589 scelus
851 1522 1051 1610 Cyloneum:
1075 1520 1192 1607 dequo

149 1626 351 1691 'Plutarchus
365 1627 397 1690 in
413 1626 530 1691 Solone
545 1648 577 1713 p.
589 1627 640 1707 84.
654 1627 699 1690 D.
727 1625 892 1712 Diogenes
905 1622 1050 1688 Laertius
1064 1624 1091 1686 Ι.
1109 1640 1189 1686 1102

156 1727 280 1815 itaque,
303 1740 341 1791 ut
362 1728 407 1792 ait
426 1728 515 1792 Plato
529 1729 609 1814 Leg.
627 1730 654 1791 Ι.
677 1749 710 1813 p.
724 1746 801 1811 572.
817 1729 872 1791 D:
896 1727 951 1790 τότ’
966 1725 1010 1790 οὖν
1023 1724 1192 1804 ἐξενώθησαν

156 1833 220 1910 ὑμῖν
241 1834 265 1892 ot
286 1829 420 1916 πρόγονοι
451 1836 545 1910 teum
579 1827 635 1915 qui
660 1828 881 1914 Epimenidem
909 1828 1056 1892 Athenas
1078 1825 1192 1891 veuiffe

152 1931 278 1996 faciens
301 1934 360 2017 erpi
381 1939 435 1994 τῶν
460 1937 607 2017 Περσικῶν
632 1930 698 1994 δέκα
723 1930 794 1994 ἔτεσι
817 1929 955 2016 πρότερον,
980 1928 1190 2015 suspicionem

154 2031 342 2119 legentibus
364 2046 471 2097 movet
492 2031 533 2096 de
554 2053 659 2096 errore
680 2031 728 2096 vel
751 2030 844 2117 ipfius
865 2029 912 2094 vel
931 2029 1070 2095 librarii:
1093 2051 1190 2116 quarn

157 2133 244 2198 varie
257 2133 435 2199 tractarunt
454 2133 512 2196 viri
535 2131 621 2198 docti
640 2131 954 2198 Aldobrandinusud
969 2132 1070 2219 Diog.
1083 2133 1190 2196 Inert.

155 2233 179 2300 l.
194 2255 225 2300 c.
240 2246 276 2299 et
290 2233 378 2299 huuc
393 2234 539 2300 refellens
554 2235 806 2299 Hemsterhusrus
819 2233 859 2298 ad
875 2234 1007 2299 Luciani
1020 2234 1191 2299 Timonem

153 2336 195 2402 Τ.
208 2337 237 2400 Ι.
258 2357 293 2422 p.
308 2356 380 2402 111.
405 2335 569 2401 Bentleius
583 2335 711 2401 Dissert.
728 2336 885 2402 Phalarid.
900 2358 932 2423 p.
942 2356 1006 2422 32.
1027 2336 1190 2402 Platonem

156 2437 261 2524 ipsum
284 2450 467 2524 temporum
485 2437 641 2504 rationem
659 2437 827 2525 neglexiffe
842 2438 1045 2524 pronunciat.
1083 2437 1191 2503 Corsi·

155 2561 220 2604 nue
234 2541 313 2604 Fast.
328 2540 435 2604 Attio.
449 2540 524 2604 Vol.
542 2541 605 2603 111.
629 2561 662 2624 p.
680 2559 716 2623 13
719 2560 752 2624 5.
773 2541 829 2604 illo
850 2539 989 2606 Platonis
1004 2541 1076 2607 loco
1091 2541 1192 2604 fretur

156 2640 285 2706 obitum
308 2640 507 2726 Epimenidis
529 2639 561 2704 in
585 2641 717 2728 Oiymp.
733 2643 837 2706 LXX.
853 2660 884 2707 2.
909 2661 1051 2727 ponens:
1084 2663 1190 2727 repre·

156 2742 304 2810 hendens
323 2742 530 2808 Dodwellum
553 2757 681 2827 tempus
701 2743 812 2807 mortis
834 2742 1014 2830 Epimenidi
1033 2743 1191 2829 affignan·

155 2861 224 2911 tem
240 2845 375 2934 Olymp.
390 2847 478 2908 LlV.
491 2866 524 2926 4.
540 2866 636 2930 quern
652 2843 800 2932 equidem
810 2845 952 2931 quamvis
967 2843 1191 2930 reprehensum

157 2948 244 3036 sequi
260 2947 382 3011 malim.
411 2949 526 3032 Neque
541 2963 648 3010 tamen
665 2945 827 3010 reticenda
840 2960 907 3009 erat
919 2948 951 3012 J.
967 2945 1095 3009 Mem-sti
1109 2944 1192 3009 ratio

156 3051 190 3115 in
213 3048 333 3115 Solone
356 3049 437 3135 Cap.
459 3051 519 3112 IX.
543 3071 575 3135 p.
595 3068 649 3135 31.
672 3047 887 3135 conjecturam
910 3049 963 3113 fibi
983 3049 1113 3113 minime
1127 3047 1191 3112 du·

157 3153 256 3230 biam,
274 3165 309 3215 et
330 3151 410 3214 nulli
424 3150 584 3235 deinceps,
606 3165 643 3214 ut
658 3162 762 3236 putat,
778 3150 908 3214 dubiam
930 3151 1085 3231 futuram,
1107 3151 1191 3215 hanc

159 3253 311 3341 prodens,
324 3267 362 3317 ut
376 3251 442 3315 δέκα
456 3275 512 3337 per
530 3251 649 3317 librarii
661 3275 811 3316 ‘errorem
826 3275 865 3315 ex
879 3252 1004 3317 numeri
1027 3266 1103 3319 nota
1121 3247 1190 3338 ᾖα,

160 3356 285 3422 CXXI.
309 3367 421 3420 natum
445 3355 542 3419 dicat.
578 3356 660 3440 Quae
677 3355 809 3418 omnino
823 3354 932 3439 opinio
945 3369 979 3419 et
994 3357 1192 3442 temporibus

161 3457 321 3546 congruit,
337 3478 395 3521 nec
410 3477 429 3519 a
445 3454 711 3520 verisimilitudine
725 3455 864 3520 multum
879 3455 1040 3521 abhorret.

204 3574 277 3644 1572
292 3558 336 3621 D.
358 3557 450 3637 ἂλῐμε
473 3556 620 3640 δυνάμεως]
659 3557 805 3621 Iuventio
835 3557 1016 3642 Epimenidi
1043 3559 1193 3626 tribuitur

161 3659 269 3747 vulgo,
293 3658 423 3745 quidam
450 3680 524 3723 eum
545 3681 584 3721 cx
606 3657 734 3722 Hefiodi
760 3673 919 3744 praeccpto
942 3659 1082 3726 didicisse
1104 3660 1192 3726 vole·
1273 3680 1278 3695 '

160 3760 248 3826 bunt.
287 3760 483 3846 Hermippus
502 3776 536 3823 et
553 3759 739 3824 Herodorus
761 3760 881 3825 laudati
901 3782 921 3824 a
941 3762 1051 3827 Proclo
1066 3763 1105 3826 ad
1121 3765 1191 3828 He·

160 3861 234 3926 fiodi
255 3861 345 3948 Ἔργ.
363 3881 427 3942 40:
453 3867 476 3900 “
493 3864 593 3939 Νήπιοι
615 3864 667 3923 οὐδ’
682 3860 776 3925 ἴσασιν
797 3859 853 3947 ὅσῳ
873 3860 955 3926 πλέον
977 3865 1060 3946 ἥμισυ
1079 3867 1191 3946 παντὸς,

159 3967 183 4001 “
199 3963 266 4024 Οὐδ’
282 3959 343 4022 ὅσον
360 3965 386 4024 ἐν
401 3960 525 4046 μαλάχῃ
541 3958 587 4036 καὶ
601 3958 744 4046 ἀσφοδέλῳ
764 3962 830 4045 μεγ’
846 3960 959 4048 ὅνααρ,”
982 3961 1066 4025 hanc
1088 3983 1190 4048 appo-

161 4075 259 4126 nente
275 4061 569 4146 interpretationem
585 4086 593 4123 ι
615 4059 811 4146 -ῙΕρμιππος
824 4066 884 4148 γὰρ
900 4065 978 4147 ἐντῷ
995 4070 1049 4125 τῶν
1064 4065 1125 4125 trid
1140 4090 1191 4128 σο-

159 4168 228 4243 φὸν,
249 4162 308 4248 περὶ
327 4166 376 4236 τῆς
397 4160 488 4241 &nipe
512 4160 598 4244 λέγει·
624 4160 759 4242 piumve!
774 4162 801 4223 δὲ
818 4167 865 4236 τῆς
879 4160 981 4242 &nictu
999 4161 1019 4248 ii,
1039 4162 1192 4253 Ἡρόδωρος

162 4260 278 4348 (vulgo
293 4282 455 4348 perperam
470 4262 629 4350 Ἡρόδοτος)
654 4265 680 4324 ἐν
701 4267 742 4347 τῷ
758 4260 875 4347 σέμπῖῳ
893 4269 942 4326 τοῦ
961 4266 1026 4327 καθ’
1042 4263 1192 4350 Ἡρακλέα

633 4383 722 4449 304
