2700 4928
275 358 493 421 enecuere
506 361 637 421 siner.
651 359 804 422 11111111).
816 356 921 436 puae.
930 356 1031 418 1)-1.
1111 361 1183 416 eae.

180 521 254 585 126.
270 522 316 587 D.
336 523 523 610 &Mitt-l
550 524 739 614 Athenienses
759 544 919 610 numquam
935 519 992 606 nist
1011 528 1124 581 etratus
1140 528 1170 580 et

138 619 215 683 etita
224 623 352 708 suorum
372 624 445 690 bello
463 628 600 711 caelitum
620 626 752 712 lugentes
771 637 870 710 pacem
881 622 1014 708 scfiere.
1052 618 1167 684 Credi·

138 718 196 785 bile
217 724 262 786 est
284 724 369 791 hanc
390 726 533 791 exstitisse
555 727 742 792 sententiam
762 725 795 789 in
810 721 967 801 oratione,
981 742 1079 808 quam
1094 717 1168 807 paci

138 842 207 886 mm
223 825 461 892 Macedonibus
482 828 639 893 servandae
658 826 799 893 habuilse
812 824 956 890 videtur:
979 844 1074 909 quam
1091 841 1164 886 orn-

138 921 255 989 tionem
270 926 425 1013 fignificat
438 931 575 994 Tzetzes
589 928 729 994 Chiliad.
739 929 799 993 Vl.
813 947 864 1012 19.
880 925 944 1011 seq.
958 942 997 989 ut
1011 921 1098 989 haud
1112 921 1163 985 in·

138 1037 204 1108 epte
226 1024 400 1112 suspicatur
420 1030 452 1093 J.
468 1029 511 1093 G.
529 1031 750 1115 Hauptmann.
768 1028 800 1092 in
822 1025 949 1091 Ditl'ert.
964 1024 1004 1090 de
1018 1019 1165 1088 Demade

138 1122 163 1205 ξ.
178 1126 211 1188 8.
235 1126 320 1190 inter
337 1128 491 1193 Oratores
508 1130 638 1194 Atticos
656 1130 826 1197 Reilltianae
844 1128 993 1193 editionis
1014 1126 1089 1192 Vol.
1102 1125 1163 1190 IV.

138 1245 164 1310 p.
188 1244 264 1312 255.
310 1228 472 1294 Caeterum
495 1230 536 1297 de
560 1226 706 1297 Demade
729 1229 892 1316 eleganter
917 1252 954 1293 ac
983 1226 1164 1315 pererudite

138 1341 269 1413 egerunt
288 1331 321 1394 J.
335 1330 379 1393 A.
396 1331 556 1395 Fabricius
576 1332 659 1397 Bibl.
683 1333 742 1396 Gr.
757 1329 833 1397 Vol.
850 1331 909 1394 lV.
932 1349 964 1415 p.
979 1327 1054 1411 418.
1069 1341 1103 1393 et
1115 1327 1161 1392 D.

138 1427 346 1496 Ruhnkeniue
360 1433 392 1496 in
407 1435 488 1499 Hist.
505 1436 587 1500 Crit.
602 1437 658 1501 Or.
672 1438 731 1501 Gr.
746 1458 779 1522 p.
790 1453 844 1519 71.

174 1534 247 1596 126.
261 1535 302 1596 E.
317 1536 755 1623 ὅναπςαδὸμινομ-λέγεσνμ]
774 1535 968 1600 Mezlrlacus
983 1533 1160 1598 vullierlonr·

138 1632 456 1720 patipati-nimpe·
479 1637 685 1723 probabiliter
705 1651 890 1724 utrumque,
910 1635 964 1700 sed
985 1634 1088 1721 magia
1109 1646 1160 1696 ta·

138 1752 204 1797 men
226 1736 398 1820 posterius:
422 1737 534 1824 prioris
558 1738 645 1803 nulla
663 1737 845 1824 produntur
864 1736 1020 1822 exempla,
1041 1748 1074 1799 et
1090 1732 1173 1799 vul·-

139 1845 243 1919 gltum
256 1836 330 1901 ferri
345 1840 463 1924 potest:
488 1839 656 1926 ἐναπερείδαν
669 1845 702 1926 τῇ
716 1839 812 1926 λόγχῃ
826 1839 868 1903 est
883 1860 916 1924 p.
930 1839 1003 1923 236.
1017 1837 1061 1902 D.

180 1938 248 2001 126.
259 1940 297 2003 Ε.
313 1940 483 2027 Λυσίμαχος
492 1945 518 2004 ἐν
529 1941 684 2026 Γέταις-]
700 1940 915 2005 Tradlnvimue
926 1939 967 2004 ad
979 1940 1048 2003 Ser.
1057 1940 1159 2004 Num.

142 2033 232 2101 thd.
245 2058 277 2126 p.
288 2058 345 2124 57.
361 2041 509 2106 editionis
523 2041 702 2129 singularis:
726 2039 823 2128 hujus
836 2061 868 2127 p.
878 2057 954 2125 555.
970 2039 1014 2106 D.

181 2140 246 2206 126.
262 2140 303 2203 E.
328 2141 446 2216 ἄναες-ίαν
468 2146 540 2230 πρὸς
561 2144 727 2227 ἔαννούς-]
758 2141 790 2205 in
813 2142 978 2205 memoriam
1001 2139 1083 2204 nobis
1109 2140 1164 2229 ipſs

150 2258 266 2304 mttere
279 2242 425 2307 debemus.
463 2244 515 2308 Sic
530 2242 854 2331 PlutarchuePyrrho
874 2264 908 2330 p.
921 2263 997 2325 404.
1012 2244 1061 2307 E:
1081 2269 1159 2332 xpe·

152 2337 273 2419 ‘piarem
293 2345 359 2431 πςδς
381 2347 475 2407 ἑαυτὸν
487 2343 637 2429 ἇνινιγκῶν
649 2345 780 2422 παλαιὸν,
790 2344 854 2429 sthi
874 2345 905 2407 in
921 2345 1088 2409 memoriam
1109 2370 1159 2410 re·

154 2456 239 2525 mmm
250 2454 337 2507 uetus
351 2444 499 2531 quoddam
513 2443 674 2510 oraculum.
697 2445 850 2510 Similiter
863 2445 985 2510 ‘lbeseo
998 2467 1032 2532 p.
1046 2466 1097 2514 12.
1108 2448 1158 2513 D:

155 2536 224 2623 little
235 2570 263 2606 τι
275 2544 459 2630 ωυθόχγηςον
473 2550 624 2630 ἀνενεγκεῖν
636 2548 708 2632 πρὸς
722 2546 828 2610 ἑαυτόν.
863 2546 952 2611 Plato
966 2548 1046 2633 leeg.
1061 2548 1157 2615 Vlll.

156 2642 254 2729 p643.
269 2646 296 2708 Β
309 2670 316 2709 :
337 2650 396 2731 χρὴ
418 2646 446 2708 li
465 2647 602 2731 ἀναφέρειν
622 2648 837 2734 παραδεικνύντα
854 2653 942 2730 ἑαυτῷ
955 2649 1001 2710 τὸν
1014 2647 1159 2729 eope-diem

155 2742 270 2831 η’λνγῳ,
281 2746 344 2832 sed
363 2759 471 2832 oportet
485 2745 679 2834 legissatorem
699 2749 797 2811 animo
819 2758 989 2833 repetentem
1003 2748 1047 2810 ita
1056 2750 1159 2833 secum

156 2839 257 2923 tgt'tere.
289 2845 440 2910 Aristides
454 2849 493 2911 T.
510 2848 536 2910 I.
553 2870 586 2933 p.
598 2861 674 2931 527.
687 2867 762 2932 553.
795 2847 941 2911 Alteram
955 2847 1158 2934 significatio·

155 2955 218 3021 lem,
227 2946 291 3029 fibi
305 2946 397 3035 ipsum
410 2947 485 3033 quid
503 2948 659 3034 imputare,
675 2947 794 3035 aliquid
810 2959 839 3010 et
852 2949 914 3033 ejus
927 2949 1054 3035 caeffrm
1068 2950 1111 3012 ad
1120 2952 1159 3037 se

154 3039 247 3122 τόση,
269 3047 359 3110 fimul
383 3046 536 3112 hocloco
557 3048 670 3127 valere,
693 3048 894 3112 manifestum
907 3049 968 3112 est:
992 3070 1065 3134 quae
1079 3049 1157 3116 item

153 3142 331 3212 tPlutarcho
346 3147 527 3228 adhibetur,
550 3172 579 3213 v.
595 3171 625 3214 c.
662 3149 757 3213 Nicia
774 3171 807 3234 p.
822 3150 897 3233 526.
914 3149 960 3213 E:
985 3154 1020 3225 εἰς
1034 3152 1159 3235 οὐδεμίαν

152 3244 214 3309 drot
233 3250 331 3331 coplae
345 3248 360 3325 ἢ
375 3249 485 3332 δύναμιν
499 3249 606 3335 ἀνέφερε
620 3254 671 3324 τὰς
684 3251 805 3337 πράξας,
813 3251 876 3333 sua
886 3250 981 3336 satta
996 3250 1075 3315 nulli
1084 3255 1158 3339 sua

142 3342 276 3432 saneta
290 3364 344 3415 aut
354 3350 507 3438 sancitati
521 3354 696 3440 imputabat.
737 3354 809 3418 Tib.
826 3354 965 3419 Gracch.
981 3376 1013 3440 p.
1028 3357 1100 3423 826.
1115 3359 1156 3422 F:

149 3451 228 3529 alpii
246 3457 339 3540 αἰγςᾶ
359 3461 413 3515 τῶν
430 3453 582 3538 γεγονότων
598 3453 772 3542 ἀναφέροντες
787 3458 823 3528 οἷς
836 3457 881 3518 τὸν
895 3453 1032 3542 ἄρχοντα.
1062 3458 1156 3544 Apo·

145 3546 221 3631 phu.
243 3577 276 3641 p.
295 3576 368 3641 ¹94·
383 3558 425 3619 A.
448 3560 520 3621 218.
536 3558 578 3620 Α.
602 3576 675 3641 232.
692 3557 733 3621 C.
772 3538 821 3620 lai
842 3559 1027 3642 presentem
1048 3558 1157 3628 locum

144 3648 347 3743 &accipiam
362 3659 512 3722 recordari
529 3672 557 3721 et
569 3660 651 3723 nobis
665 3659 720 3746 ipſs
730 3659 876 3746 imputare
891 3661 1036 3727 debemus.

176 3760 243 3823 126.
259 3760 294 3822 F.
318 3765 434 3833 πολλαὶς
447 3761 498 3842 μὶν
512 3766 600 3824 αὐτῶν
615 3759 801 3846 διαφθόρομιν
814 3763 917 3839 ἡδονὰς,
931 3763 1023 3834 καλάς
1038 3788 1068 3824 τε
1081 3762 1155 3846 πρά.-

138 3854 233 3942 ξις-]
258 3859 336 3922 Duo
358 3858 429 3923 sunt
448 3859 480 3922 in
502 3860 552 3924 bis
571 3860 672 3924 verbis
686 3858 820 3925 menda:
845 3859 961 3947 primo,
983 3859 1156 3946 legendum

138 3954 302 4042 lap-'popo
314 3982 390 4023 cum
403 3961 489 4024 Voll.
505 3974 538 4025 et
559 3962 650 4024 Mea.
672 3974 705 4025 et
728 3961 868 4026 Reitkiue
882 3959 1035 4047 praeteriti
1046 3962 1155 4026 notio-

138 4076 201 4121 nem
215 4059 389 4144 requirens,
404 4061 568 4125 annotavit
581 4060 781 4148 διιφθιίραμινε
806 4060 920 4125 deinde
931 4058 1155 4146 corrigendum

138 4160 271 4238 ἡδονὰς,
284 4165 401 4235 πολλὰς
415 4162 442 4223 δί
454 4160 616 4248 πράξας-
636 4176 674 4226 ut
694 4161 812 4247 paritas
826 4162 957 4226 constet.
991 4160 1158 4229 Sententia

138 4256 240 4326 udam
254 4261 319 4326 fere
333 4276 367 4327 et
381 4260 483 4328 verbis
496 4262 608 4329 iisdem
621 4264 760 4348 expreffa
769 4263 812 4327 est
824 4262 884 4327 hac
898 4261 964 4350 ipsa
977 4260 1107 4353 pagiua,
1118 4264 1158 4329 B.

593 4381 691 4448 3⁰4
