2700 4928
269 352 471 418 srornru.
487 358 578 419 sse.
594 361 753 421 arnuc.
773 362 1059 438 einr-rrae.
1103 363 1179 425 ιοιο

187 530 265 598 172.
283 519 317 581 F.
339 517 396 603 7.]
422 519 501 607 Cyri
523 521 593 587 haee
615 523 769 589 sententia
787 524 885 610 petits
899 525 941 590 est
955 543 994 589 ex
1011 525 1178 591 Herodoto

138 613 174 681 in
191 619 257 683 fine
274 621 378 705 operis
397 624 456 686 lX.
472 643 545 689 122.
565 625 622 688 ubi
636 624 867 691 Valckenarius
880 627 1050 715 diligenter
1066 640 1101 692 et
1120 649 1178 692 eo·

138 718 232 805 piose
256 720 319 784 hoc
337 738 564 809 argumentum
578 725 817 813 interpretatur,
839 741 872 792 et
893 730 1030 794 nostrum
1049 748 1179 815 quoque

138 817 257 884 locum
272 820 417 887 adhibet.

186 941 266 1005 172.
283 925 318 987 F.
341 929 529 989 AAPEIO'P.
552 925 605 1010 κ’.]
631 927 681 990 Ex
701 927 872 995 Plutarcho
893 930 945 993 De
966 929 1047 1014 Rep.
1067 927 1177 994 Senib.

140 1021 299 1087 Gerenda
313 1045 346 1109 p.
359 1044 434 1111 792.
449 1025 490 1089 C.
505 1032 619 1114 Δκςᾶος
632 1033 646 1090 l
659 1027 752 1116 Ξίςξι
766 1034 864 1117 πατὴρ
879 1031 984 1114 imru,
1001 1034 1082 1105 αὐτὸς
1096 1037 1178 1096 αὐτοῦ

139 1130 233 1211 παρὰ
255 1129 293 1187 τὰ
313 1126 383 1188 tave
399 1126 516 1210 γῐκιθω
535 1127 738 1216 φροιιμῶιιςος.
777 1129 914 1216 Elegans
935 1130 1058 1195 disium
1080 1132 1178 1198 etiam

142 1223 177 1287 in
192 1224 309 1289 verbis.
344 1228 431 1290 Nam
446 1232 533 1315 ωιςὰ
547 1232 586 1291 τὰ
600 1230 680 1308 δεινὰ,
695 1230 738 1293 est
751 1229 783 1293 in
797 1230 855 1318 ‘ff'
870 1246 984 1318 pugna
997 1231 1177 1318 discrimine:

144 1339 178 1390 et
191 1326 273 1390 alibi
289 1327 458 1393 Plutarcho
472 1330 671 1414 usurpatum,
685 1353 714 1393 v.
726 1352 756 1395 e.
787 1331 873 1417 Opp.
889 1334 977 1396 Mor.
998 1354 1032 1418 p.
1046 1351 1122 1418 575.
1137 1333 1178 1397 C.

146 1429 221 1514 643.
236 1429 282 1492 D.
311 1430 386 1515 988.
406 1431 450 1494 D.
473 1432 530 1495 ubi
551 1451 716 1516 perperam
738 1433 805 1519 erigi
828 1432 957 1518 legitur,
979 1433 1079 1497 veluti
1100 1435 1178 1499 item

146 1528 216 1594 Vrt.
239 1551 274 1616 p.
290 1547 344 1616 53.
358 1532 403 1595 D.
427 1551 501 1616 990.
519 1531 560 1595 C.
583 1546 617 1595 et
635 1533 863 1598 restituendum
883 1535 957 1618 652.
974 1535 1011 1597 Β.
1033 1555 1091 1619 pro
1105 1538 1179 1623 παρ’

146 1635 220 1696 nied
234 1632 316 1695 tart·
340 1632 424 1697 reste
437 1632 615 1719 disertoque
630 1635 726 1698 exstat
744 1654 778 1720 p.
796 1654 869 1718 115.
887 1636 926 1698 E.
950 1637 1024 1702 260.
1039 1636 1078 1698 E.
1104 1636 1178 1704 282.

147 1733 190 1797 D.
216 1752 290 1819 290.
308 1733 348 1798 C.
369 1753 445 1819 317.
459 1736 493 1798 F.
512 1748 545 1798 et
560 1736 646 1821 apud
661 1735 844 1799 AEschinem
863 1736 921 1800 Or.
935 1735 1020 1801 Adv.
1036 1736 1177 1824 Ctefiph.

148 1854 180 1919 p.
195 1836 251 1920 78.
285 1836 370 1900 Tum
392 1839 473 1910 αὐτὸς
494 1843 577 1900 αὑτοῦ
598 1835 803 1924 φρονιμῶιιρος,
815 1836 907 1921 solito
925 1838 1108 1925 prudentior,
1128 1837 1180 1924 qai

138 1936 248 2026 seipse
264 1941 427 2026 pandentia
440 1940 547 2019 vinds,
561 1940 763 2024 exposuimus
778 1939 818 2003 ad
833 1960 865 2024 p.
876 1958 930 2024 43.
943 1940 982 2004 B.
1016 1935 1180 2004 Caeterum

146 2036 403 2126 Apophthegma
427 2061 466 2104 ex
488 2039 644 2104 hocloco
666 2038 737 2125 ipfis
761 2039 863 2103 verbis
888 2037 1078 2124 transcripsit
1102 2039 1179 2103 Sto-

146 2136 236 2203 boeus
253 2139 358 2203 Floril.
372 2140 437 2206 Tit.
449 2143 527 2205 VII.
542 2162 575 2226 p.
590 2141 643 2204 88.

191 2256 265 2323 172.
280 2242 316 2303 F.
338 2241 378 2319 β’.
394 2242 465 2315 Τοὺς
480 2242 507 2303 δὲ
525 2239 663 2327 psqe5-]
698 2239 798 2316 Hinc,
821 2239 868 2303 vel
891 2261 910 2303 a
931 2238 1097 2304 communi
1119 2260 1178 2315 au-

146 2340 246 2421 ἂοιο,
269 2341 332 2405 hoc
354 2342 473 2407 fastum
496 2343 593 2406 refert
613 2341 781 2428 Polyaenus
796 2344 989 2427 Strategem.
1004 2344 1082 2406 Vll.
1098 2342 1128 2406 8.
1144 2361 1179 2428 3.

146 2443 200 2509 De
213 2442 421 2530 vestigalibus
436 2466 455 2508 a
469 2445 568 2509 Dario
586 2443 750 2530 impositis,
771 2443 918 2530 proprius
940 2443 982 2507 est
1001 2442 1092 2509 locus
1107 2447 1179 2509 He·

146 2546 254 2613 rodoti
270 2550 332 2613 111.
344 2569 398 2635 90.
415 2551 501 2635 sequ.

188 2667 225 2733 P·
241 2650 371 2733 173.A.
404 2647 446 2734 γ’.
469 2650 612 2733 ‘Pordv-]
646 2647 780 2713 Fortasse
809 2648 917 2712 sisium
944 2670 984 2713 ex
1009 2647 1072 2712 alio
1098 2670 1179 2734 apo·
1288 2644 1301 2670 '

147 2749 362 2836 phthegmate
377 2749 472 2837 hujus
488 2750 580 2815 Darii
595 2748 681 2835 quod
697 2762 803 2813 narrat
819 2749 1005 2813 Herodotus
1021 2751 1080 2814 IV.
1099 2769 1177 2835 1432

146 2850 292 2937 dppnpira
307 2849 412 2935 Aapris
431 2856 503 2937 ῥοιὰς
517 2851 642 2936 τρώγειν,
657 2854 692 2925 ὥς
706 2849 793 2928 droise
814 2849 925 2935 τίιχιςοι
938 2853 986 2929 τὴν
999 2849 1115 2938 orech-nv
1127 2861 1181 2917 τῶν

146 2949 248 3038 ῥοιέων,
262 2950 346 3039 digero
360 2954 441 3015 αὐτὸν
455 2957 468 3014 d
481 2952 609 3032 ἄδέλφεος
621 2949 804 3036 Ἀρτᾶὅακος,
819 2949 845 3028 i,
860 2978 887 3014 τι
901 2950 1010 3030 βέλοιτ’
1024 2950 1057 3015 ἄν
1072 2957 1096 3015 oi
1108 2978 1179 3017 τοο·

148 3060 224 3116 οὗτοι
235 3058 348 3129 πλῆθος
361 3053 480 3136 *fetidae
493 3052 550 3116 drot
565 3059 638 3139 ἑντῇ
653 3059 709 3139 ῥοιῇ
722 3052 829 3116 κόκκοι.
860 3058 975 3141 Angeias
989 3054 1016 3116 li
1030 3053 1099 3133 rire,
1115 3061 1180 3120 Mr-

147 3151 273 3237 γκὸόζκς
294 3152 328 3216 ἂν
349 3159 372 3216 ei
390 3155 523 3228 τοσούτοις
541 3157 657 3239 ἀριθμὸν
676 3152 795 3239 γιιὲθαρ
816 3152 958 3233 scindor
975 3155 1114 3237 μᾶλλονῆ
1132 3161 1180 3235 τὴν

146 3255 277 3318 Ἐλλάδα
302 3255 426 3332 ὑπήκοοι·
463 3255 518 3318 ubi
546 3254 690 3320 rideatur
711 3253 954 3320 Valckenarius.
995 3258 1180 3324 Artaxerxis

149 3355 348 3434 Mnemonis‚
368 3378 433 3420 non
450 3354 593 3420 dissimile
615 3356 669 3433 est,
692 3354 733 3419 de
746 3376 812 3442 quo
829 3377 904 3420 mox
925 3378 958 3443 p.
975 3376 1048 3442 173.
1065 3360 1100 3423 F.
1123 3359 1181 3424 ubi

146 3475 205 3541 pro
217 3463 305 3539 μῆλον
320 3456 421 3521 verior
433 3456 528 3520 lestio
541 3457 585 3521 est
598 3456 682 3544 ροιάν.

192 3557 318 3641 173.Α.
341 3556 374 3621 s.
389 3558 572 3644 Ζώπυρος-]
598 3555 784 3621 Herodotus
799 3556 1054 3642 III.154-16o.
1090 3559 1179 3624 Hinc

147 3668 181 3720 et
202 3656 373 3746 Polyaenus
393 3658 470 3725 Vll.
491 3676 540 3723 12.
570 3657 712 3722 lustinus
735 3659 762 3721 Ι.
785 3675 836 3721 10.
862 3677 912 3742 15.
938 3670 974 3723 et
993 3658 1176 3739 altimu11i3

147 3757 300 3844 squidem
337 3759 399 3823 hoc
434 3759 555 3824 fastum
591 3758 625 3822 in
659 3758 831 3823 Proverbiis
864 3759 1008 3824 censetur
1034 3759 1180 3825 Zenobio

191 3976 266 4046 173.
279 3961 324 4025 Α.
347 3959 380 4024 δ’.
403 3958 724 4045 ΣΕΜΙΡΑΜΙΔΟΣ.]
750 3962 798 4024 Ex
820 3959 976 4024 hocloco
990 3959 1179 4040 adverbum

145 4059 305 4147 descripsit
327 4061 474 4125 Stobaeus
496 4061 603 4125 Floril.
623 4059 690 4125 Tit.
705 4061 749 4125 X.
773 4083 806 4147 p.
827 4080 899 4146 131.
936 4062 1051 4126 Noster
1074 4060 1181 4125 sumsit

144 4185 185 4227 ex
197 4162 368 4228 Herodoto
391 4165 418 4226 Ι.
436 4164 508 4247 187.
525 4162 580 4226 ubi
597 4161 741 4227 Nitocris
762 4162 826 4227 hoc
843 4176 1090 4228 monumentum
1107 4182 1180 4248 per-

147 4262 291 4329 hibetur.
327 4262 488 4349 spectavit
505 4263 570 4328 huo
592 4261 756 4327 Maximus
777 4263 893 4349 Tyrius
914 4263 991 4329 Diff.
1009 4264 1133 4330 XXVI.
1149 4286 1181 4350 9.

620 4382 714 4448 312
