2700 4928
202 365 405 427 APOPHTH.
421 365 512 425 REG.
527 366 580 425 ET
591 366 687 426 DUc.
707 365 990 444 p.rar.F-raa.B.
1039 373 1114 469 107a

74 528 286 618 Comparavit
309 529 494 618 exemplum
519 552 595 596 curn
625 528 810 596 Charitonia
839 529 913 595 loco
939 528 1115 597 Dorvilliua

71 648 108 717 p.
124 632 201 697 610.

121 731 194 796 181.
208 734 244 797 F.
264 735 547 797 HTOAEMAIOE*
561 735 646 797 101
659 734 822 817 namu]
850 731 946 818 Regis
960 730 1036 796 clari
1051 730 1112 798 do·
1146 812 1150 817 ,

71 831 178 899 &rina
191 847 225 898 et
242 834 325 899 bene
344 834 447 914 factis,
470 835 573 900 multa
586 856 715 921 quoque
729 836 810 899 bene
826 833 913 899 dicia
927 833 1016 898 fuiffe
1030 834 1113 899 veri·

71 935 175 1002 fimile
196 936 252 1017 eli,
274 959 347 1025 quae
372 959 473 1024 pauca
495 936 536 1003 ad
557 939 696 1013 ¹nostram
725 936 913 1001 memoriam
945 948 1112 1003 venerunt.

71 1036 177 1104 Hunc
198 1038 308 1104 locum
329 1038 476 1104 adhibuit
496 1038 696 1107 ι1171111111.
716 1037 748 1103 in
767 1037 905 1103 Historia
921 1037 1112 1105 Ptolemaeo·

69 1161 149 1207 rum
169 1162 203 1227 p.
219 1158 271 1226 23.
307 1142 497 1206 Postremum
517 1141 586 1229 ejus
608 1153 732 1228 partem
746 1140 858 1205 retulit
871 1140 1019 1205 AElianua
1034 1143 1112 1207 Var.

70 1242 158 1308 Hist.
178 1244 276 1309 Xlll.
298 1263 356 1328 13:
387 1244 565 1328 Πτολεμαῖόν
586 1261 655 1329 φασι
674 1246 720 1307 τὸν
741 1243 844 1329 Λάγου
866 1241 1115 1327 καταπλυτίζοντα

68 1347 136 1423 τώς
149 1344 233 1433 piace
253 1352 337 1412 αὑτοῦ
357 1348 541 1436 ὑπερχαίρειν·
566 1346 647 1433 ime
661 1348 700 1425 li,
716 1344 823 1431 ἄμυνον
841 1344 907 1427 altar
925 1346 1075 1430 ωλυτῖζαν
1095 1346 1113 1428 fl
1205 1348 1207 1353 ’

69 1452 208 1515 cmiv.
244 1449 320 1514 Alia
340 1450 425 1515 dieta
445 1450 566 1515 exllant
582 1446 669 1536 apud
684 1448 893 1513 Plutarchum
908 1448 960 1513 De
977 1451 1028 1512 lra
1041 1448 1111 1515 Co·

69 1551 145 1621 hib.
172 1575 207 1640 p.
220 1554 297 1640 458.
313 1556 356 1618 A.
386 1553 554 1619 Demetrio
576 1576 609 1641 p.
626 1553 699 1640 891.
716 1552 761 1617 A.
793 1553 846 1618 De
867 1550 1056 1618 liberalitate
1079 1566 1114 1619 et

72 1653 232 1721 comitate
245 1654 316 1742 ejus
330 1653 494 1719 Diodorus
509 1654 574 1719 Sic.
590 1654 685 1719 XIX.
700 1654 755 1719 86.

117 1779 154 1846 p.
171 1758 244 1826 182.
258 1758 303 1823 A.
322 1760 591 1845 ANTIFONOE']
616 1758 669 1822 De
683 1756 776 1844 copia
790 1770 826 1822 et
840 1753 1018 1841 frequentia
1031 1775 1113 1842 apo·

71 1860 329 1950 phthegmatum
344 1860 442 1948 hujus
456 1860 571 1948 capitis
592 1860 740 1927 eamdem
758 1875 903 1926 tenemus
923 1860 1114 1927 sententiam

71 1976 174 2051 atque
187 1961 229 2026 de
243 1961 307 2026 illia
322 1960 472 2049 Philippi.
509 1959 668 2048 Antigoni
687 1960 783 2050 hujus
799 1974 895 2026 acute
908 1959 1048 2049 sciteque
1062 1960 1114 2027 di·

72 2064 130 2132 &a
146 2064 233 2153 apud
248 2067 384 2131 Veteres
398 2066 549 2150 usurpata
567 2062 667 2144 fuisse,
688 2062 776 2129 haud
792 2077 913 2130 temere
928 2063 998 2152 quis
1012 2063 1115 2151 suspi-

71 2180 170 2235 cetur
182 2188 222 2232 ex
237 2167 361 2232 ratione
375 2189 440 2253 qua
453 2165 625 2232 laudantur
638 2188 658 2229 1
673 2166 844 2232 Plutarcho
857 2166 910 2232 De
926 2167 979 2231 lra
994 2166 1114 2234 Cohib.

71 2288 111 2357 p.
127 2283 206 2355 457.
224 2269 269 2333 D.
291 2281 389 2354 quem
411 2267 520 2331 locum
543 2266 637 2355 supra
658 2268 825 2334 citavimus
848 2291 880 2356 p.
899 2285 972 2354 172.
987 2268 1038 2334 A:
1061 2270 1116 2335 Da

47 2412 53 2419 -
72 2370 201 2437 vitioso
222 2368 302 2435 Pud.
324 2392 358 2457 p.
373 2386 449 2456 531.
473 2374 518 2436 F:
541 2369 711 2437 Demetrio
732 2390 806 2458 901.
822 2374 870 2437 Β1
897 2384 932 2438 et
952 2394 972 2437 1
993 2373 1117 2438 Seneca

73 2472 130 2539 De
145 2471 258 2536 11111.
272 2489 324 2538 22.

121 2576 196 2645 181.
210 2576 255 2643 A.
278 2574 316 2639 α’.
331 2575 521 2658 καλαμῶμα]
543 2574 655 2640 Rarius
677 2576 808 2641 verbum
826 2574 913 2662 apud
934 2574 1115 2662 scriptores,

73 2700 96 2745 a
117 2678 236 2769 quibu'a
257 2678 345 2742 hunc
368 2700 470 2743 unum
492 2678 600 2742 locum
623 2678 732 2743 attulit
754 2678 801 2742 H.
816 2678 999 2764 Stephanus
1018 2678 1116 2745 Thes.
1187 2684 1189 2689 ’

72 2783 116 2849 1..
131 2782 191 2848 Gr.
206 2782 246 2847 Τ.
261 2781 308 2845 11.
329 2804 363 2868 p.
379 2797 430 2867 15.
446 2783 493 2845 F:
517 2802 556 2844 ex
571 2779 788 2846 Ecclesrasticis
811 2794 843 2844 et
865 2778 1117 2866 lexicographi}

71 2882 141 2951 alia
162 2903 334 2971 promens:
361 2882 439 2947 item
461 2881 651 2968 interpretes
673 2882 714 2946 ad
735 2881 936 2971 Hesychium
956 2884 995 2947 T.
1012 2885 1057 2948 ll.
1080 2904 1116 2972 p.

75 2984 153 3051 118.
191 2984 393 3050 Proverbium
412 2982 489 3049 hinc
509 2984 650 3050 confecit
662 2984 857 3049 Braffieanua
872 2983 914 3049 ad
926 2985 1049 3050 Erasmi
1063 2986 1114 3051 A·

71 3086 201 3177 (1111·
218 3104 292 3174 225·
697 3096 700 3101 ·

120 3190 197 3256 181.
214 3190 254 3255 Β.
277 3188 325 3276 8.]
352 3190 541 3257 Plutarchus
555 3191 608 3256 De
622 3189 777 3256 Garrulit.
799 3212 834 3277 p.
849 3193 925 3276 506.
942 3191 990 3256 C:
1016 3190 1115 3258 'Arri-

68 3318 155 3382 γονος
176 3290 222 3357 οὗν
239 3298 253 3356 l
270 3294 404 3373 βασιλεὺς
426 3297 534 3373 inritas,
557 3293 741 3382 ἐςοπῆοαντος
759 3296 842 3358 αὐτὸν
861 3301 909 3358 τοῦ
924 3300 992 3373 υἱοῦ,
1007 3294 1118 3373 ararim

70 3394 218 3479 μ’λλασιν
229 3395 427 3480 ἄναξενγνόαν,
441 3396 480 3459 Tl
495 3395 625 3473 hilararet,
639 3394 709 3475 alna,
722 3399 761 3478 μὴ
775 3395 854 3478 plere
868 3398 917 3461 οὐκ
937 3396 1055 3484 ἀκούσῃς
1068 3402 1117 3475 τῆς

70 3496 241 3586 οὼσνγίος·
265 3509 300 3561 et
319 3496 353 3561 in
374 3497 452 3563 Vna
472 3496 632 3562 Demetrii
652 3517 687 3585 p.
702 3517 778 3583 901.
792 3498 833 3562 C.
856 3498 911 3562 ubi
932 3497 974 3562 ad
991 3500 1116 3565 Deme·

74 3598 176 3665 trium
192 3596 295 3665 hlium
310 3598 373 3665 hoc
386 3598 494 3664 dixisse
507 3612 662 3664 narratur.
685 3598 856 3664 Frontinus
870 3601 898 3663 1.
914 3619 943 3663 1.
957 3619 991 3686 3.
1008 3600 1117 3667 Craffo

74 3700 212 3769 tribuite
236 3701 290 3766 M.
304 3700 441 3767 Licinius
456 3701 576 3788 Graffias
592 3701 790 3790 percontanti,
806 3725 862 3788 quo
883 3711 1007 3789 tempore
1022 3701 1118 3788 casira

10 3866 13 3881 ‚
76 3816 210 3873 naturus
223 3806 301 3892 effer,
315 3803 474 3893 respondit,
494 3803 620 3883 Vneris,
633 3828 671 3868 ne
684 3803 785 3867 labam
801 3827 859 3868 non
873 3805 1030 3869 exaudias.

120 3906 198 3973 182.
213 3906 252 3971 B.
276 3905 323 3992 a'.]
350 3904 442 3971 ldem
457 3905 491 3970 in
506 3904 585 3971 Vita
597 3904 757 3970 Demetrii
770 3927 803 3992 p.
819 3906 893 3991 899.
910 3905 955 3970 C:
970 3908 1017 3969 τὸν
1030 3907 1117 3969 atra·
1254 3907 1258 3915 '

75 4010 124 4095 pls
136 4013 224 4075 arisai
237 4008 378 4073 ΦΙλννιπον
391 4007 541 4091 αἰθόμενος
562 4008 637 4071 orori
659 4013 673 4071 i
690 4012 788 4096 πατὴρ
804 4008 982 4071 καταλύοντα
1000 4011 1026 4071 ἐν
1043 4006 1119 4095 οἰκΙα

10 4114 15 4123 ’
75 4114 146 4201 τρῖς
169 4109 276 4199 Ιχοῦσρ
300 4108 361 4186 νίας
384 4114 531 4196 γυναῖκας,
553 4111 629 4197 πρὸς
655 4114 750 4175 ἐκεῖνον
774 4112 825 4193 μὶν
853 4110 924 4173 οὐδὶν
945 4108 1119 4205 ἐφθέγξατο·Ι

10 4266 12 4271 .
74 4208 219 4299 πρῶτος
236 4212 264 4273 hi
284 4208 371 4275 irtairs
384 4212 431 4274 τὸν
444 4209 617 4294 ςαθμοδότην
632 4209 897 4293 μεταπεμψάμενος,
911 4208 1015 4288 Οὗτος,
1034 4208 1121 4292 11111,Ι

72 4314 126 4381 ala
146 4311 310 4396 ἒξῦἔιςμυ
323 4312 371 4383 τὸν,
385 4312 441 4378 alia
457 4316 491 4378 ix
510 4316 559 4391 τῆς
579 4311 757 4400 Μχθρῖὄί.
794 4310 892 4377 Paulo
906 4309 1000 4377 aliter
1013 4324 1120 4393 narrat
