2700 4928
163 321 222 377 818
355 315 393 374 D.
405 312 454 372 W.
475 311 682 373 ANIMADV.
702 312 750 371 IN
770 307 1002 377 ruminent

164 477 267 562 ζνῦντίς
279 495 356 557 φησι·
379 475 425 552 καὶ
439 475 521 563 lrrpor
540 476 636 558 ὁμοίως
656 480 732 562 αὐτῷ
749 483 876 565 meinai
892 480 934 561 τῷ
952 471 1065 559 rrtttqu
1077 468 1168 557 liw-

162 576 261 666 Apud
277 577 482 642 Plutarchum
495 578 603 642 exstat.
618 599 652 663 p.
666 579 738 643 126.
750 574 926 641 &theseo
940 596 974 660 p.
987 593 1016 637 1.
1026 573 1068 637 A.
1084 564 1168 635 ento

163 700 199 763 p.
216 680 292 765 563.
311 681 357 743 E:
394 678 559 744 Philonem
587 678 664 745 Jud.
687 679 772 765 apud
799 677 915 744 Euseb.
944 678 1044 764 Prrep.
1071 676 1168 756 Erang·

164 780 258 844 VIII.
282 800 315 866 p.
329 781 404 865 389.
421 782 474 845 A:
497 779 638 844 Dionem
659 779 774 867 Chrys.
789 780 847 845 Or.
863 779 1003 843 LXXX.
1018 798 1052 863 p.
1065 772 1168 861 669.B.

163 877 219 942 dat
232 877 332 942 editio
345 881 482 958 Veneta,
497 877 616 966 dequo
630 879 772 944 videatur
785 877 829 943 ibi
844 876 998 943 Reisstius.
1110 918 1115 925 ·

210 997 281 1064 125.
297 982 336 1045 F..
367 980 608 1066 κατνχναίνοπας]
645 980 699 1046 Sic
729 993 763 1045 et
790 980 939 1045 Stobaeur
968 975 1100 1043 Gesneri
1120 973 1168 1040 Iit·

164 1082 273 1147 XVII.
297 1104 332 1167 p.
350 1098 420 1167 154.
442 1080 497 1168 qui
518 1082 606 1147 hunc
627 1081 736 1147 locum
758 1084 803 1145 Οὐ
824 1084 876 1162 μὴν
896 1078 1064 1155 -ἂπνψὶαν
1085 1076 1169 1163 ἔχοντες

163 1183 284 1247 habet:
318 1198 351 1246 at
372 1181 558 1246 Trincavelli
579 1186 654 1245 κατὰ
672 1181 744 1246 τίσιν
765 1181 928 1259 ἀναίνονται,
949 1194 983 1245 rt
1006 1180 1046 1246 stc
1067 1197 1169 1266 quoque

165 1283 292 1349 codices
319 1282 412 1348 Paris.
436 1284 527 1348 Stob.
552 1284 594 1348 Α.
610 1285 665 1348 N:
699 1297 733 1348 at
754 1305 867 1370 margo
891 1281 935 1347 A.
960 1280 1170 1367 mixtam

162 1386 307 1450 Verbum
321 1385 364 1449 est
377 1384 464 1470 apud
480 1385 685 1450 Plutarchum
698 1385 818 1471 Quoest.
831 1385 910 1448 Nat.
928 1403 962 1469 p.
973 1403 1051 1470 914.
1060 1384 1107 1448 D:
1126 1376 1169 1444 d·

163 1488 267 1553 forma
279 1489 421 1573 κατνχνόα
438 1489 471 1552 in
490 1488 568 1552 Vita
582 1486 716 1552 Homeri
736 1485 768 1572 §.
784 1503 847 1568 72:
871 1483 1002 1549 AEliano
1017 1485 1093 1549 Ver.
1107 1480 1168 1547 Ilist-

164 1590 209 1654 X.
222 1590 254 1654 6.
283 1591 413 1654 Nomen
429 1590 561 1674 αᾶτνχνος
575 1589 607 1653 in
623 1585 845 1655 Demosthenis
858 1585 937 1650 Vita
950 1608 984 1672 p.
998 1587 1073 1670 847.
1087 1584 1122 1649 E.

208 1710 247 1755 12
248 1708 282 1775 5.
297 1692 336 1754 E.
358 1690 584 1776 ὅπνσντνξομένυς]
609 1688 800 1755 Notavimus
814 1709 847 1773 p.
864 1687 915 1771 78.
931 1688 967 1751 F.

210 1807 280 1878 125.
296 1794 335 1857 Ε.
357 1796 395 1858 ‘0
412 1795 462 1876 pir
479 1792 523 1857 οὖν
536 1792 806 1879 Κράτης-βᾶλῃς.]
842 1790 954 1855 Crates
977 1783 1167 1879 Cynicut,dt

164 1890 256 1979 cujus
275 1894 370 1958 rebus
388 1894 456 1983 egit
474 1894 638 1981 Diogenes
652 1893 796 1958 Laertius
810 1893 870 1956 VI.
886 1891 939 1975 85.
955 1891 1020 1978 seq.
1042 1904 1077 1956 et
1093 1890 1166 1955 vinu

163 1992 327 2078 scripserat
350 1994 549 2075 Plutarchus,
572 2010 609 2059 ut
631 1992 776 2059 novimus
796 2013 836 2056 ex
853 1991 983 2057 Juliano
1004 1994 1061 2058 Or.
1076 1993 1166 2074 VLp

164 2112 238 2160 200.
254 2095 292 2158 Β.
313 2095 368 2180 qui
389 2117 429 2160 ex
451 2096 589 2160 Cratetis
611 2097 746 2182 Hymno
772 2092 805 2157 in
830 2091 1059 2179 Frugalitatem
1081 2092 1166 2157 locum

162 2195 306 2259 versuum
323 2195 493 2259 duodecim
508 2196 675 2282 apposuit:
698 2195 759 2258 fuit
774 2193 828 2258 hic
846 2194 1000 2280 Hymnus
1014 2199 1045 2258 lx
1055 2202 1106 2258 τῶν
1116 2214 1166 2255 ra·

162 2294 244 2378 γνίων
259 2294 408 2373 Cratetis,
433 2310 470 2359 ut
484 2296 528 2358 ait
540 2295 705 2360 Julianus:
729 2317 795 2380 quo
815 2294 945 2358 nomine
966 2293 1083 2359 librum
1102 2290 1167 2357 illiut

162 2398 239 2462 item
269 2413 425 2462 memorat
452 2399 617 2486 Diogenes
638 2399 784 2463 Laertius
809 2399 833 2462 l.
850 2398 872 2462 l.
895 2399 995 2486 igitur
1015 2414 1049 2464 et
1071 2399 1101 2463 in
1120 2396 1167 2461 hor

163 2498 323 2564 Plutarchi
343 2497 416 2563 loco
439 2498 576 2564 debebat
588 2503 717 2578 σαιδνᾶς,
735 2498 813 2587 lasti,
836 2513 874 2564 ut
889 2499 1010 2567 habent
1023 2499 1105 2579 libri,
1119 2514 1166 2561 nor

161 2603 293 2682 varta„
310 2604 451 2691 pueritia,
474 2618 512 2669 ut
532 2605 640 2670 vitiose
661 2605 757 2669 exstat
769 2603 802 2668 in
817 2605 919 2668 nostra
938 2603 1090 2669 editione.
1120 2596 1166 2666 Di·

161 2705 250 2770 &um
269 2704 334 2769 hoc
355 2705 479 2771 fortaffe
503 2706 549 2770 ita
572 2706 785 2792 conscriptum
808 2703 923 2770 fuerit:
950 2710 1001 2784 Μὴ
1022 2707 1080 2792 πρὸ
1098 2703 1167 2786 pariit

161 2808 256 2870 λοπάδ’
271 2806 359 2884 αὔξων
372 2808 424 2870 αἰεὶ
439 2811 465 2883 ἐς
479 2808 562 2881 φάσιν
574 2807 651 2889 ἄμμε
666 2807 834 2892 Βάλλῃς-.
869 2804 976 2870 Aliter
989 2805 1068 2870 citat
1079 2802 1166 2869 Athe·

161 2931 250 2971 naens
274 2909 332 2970 IV.
359 2930 392 2994 p.
412 2910 482 2993 158.
498 2909 544 2972 B:
580 2908 626 2987 noir
646 2908 760 2994 Κςᾶης
783 2909 804 2968 δ’
827 2912 840 2968 ὁ
861 2904 1108 2992 eigamma,
1128 2900 1166 2977 Ml

159 3010 219 3095 trgi
240 3015 327 3088 φακῆς
349 3012 444 3072 λοπάδ’
466 3008 553 3087 αὔξων
575 3015 610 3083 εἰς
629 3008 711 3080 saion
730 3007 808 3089 ἄμμε
821 3008 921 3092 βάλῃς·
944 3007 1003 3073 ubi
1025 3006 1166 3074 CrIaubo·
1203 3092 1205 3101 Ι

149 3130 219 3171 *nus
234 3108 330 3195 hujus
345 3111 438 3174 nostri
456 3110 519 3174 loci
539 3108 696 3173 meminit.
735 3109 808 3172 Pars
829 3108 927 3195 prior,
949 3113 1001 3189 Μὴ
1022 3112 1081 3199 erpi
1098 3108 1167 3195 perit
1203 3156 1205 3165 ·

159 3209 254 3272 λοπάδ’
270 3208 347 3288 alfe,
363 3208 463 3274 relata
483 3210 525 3272 est
547 3209 579 3272 in
603 3210 790 3273 Hexametr.
808 3210 1168 3296 Proverb.Sch0tt1314·
1203 3216 1205 3223 '

158 3309 341 3395 Opponitut'
357 3315 443 3389 φακῆ,
457 3307 608 3385 lenticula,
623 3308 735 3387 λοπάδι,
747 3309 877 3394 patina,
892 3308 925 3373 in
941 3333 1005 3397 qua
1018 3310 1170 3378 delicatio·

158 3432 207 3474 res
222 3410 287 3474 cibi
298 3412 552 3496 apponebantur,
565 3422 599 3475 at
612 3417 685 3492 φακῆ
705 3426 773 3475 erat
791 3412 823 3474 in
839 3411 912 3490 olla,
923 3412 1172 3504 χύτρᾳμςνέλῐφε

158 3510 282 3575 Crateti·
295 3511 464 3575 consuetus
480 3510 571 3575 cibus
585 3511 641 3596 qui
655 3511 687 3574 in
707 3535 745 3576 eo
761 3511 1015 3598 experimentum
1029 3515 1106 3580 feeit
1118 3516 1175 3579 Ze⁶

157 3610 249 3677 nonis
273 3609 430 3696 discipuli,
455 3625 493 3676 ut
515 3610 621 3696 prodit
643 3611 806 3698 Diogenes
828 3615 938 3676 Laert.
947 3616 1025 3679 VII.
1040 3635 1074 3702 3.
1093 3616 1176 3681 ttteo

154 3713 266 3801 χύτραν
285 3717 371 3796 φακῆς
389 3715 434 3774 διὰ
447 3719 494 3775 τοῦ
509 3719 681 3798 Κεραμεικοῦ
694 3713 790 3799 φέρειν.
827 3715 864 3776 In
884 3712 954 3800 ejus
973 3715 1126 3782 vilitatem
1138 3718 1178 3783 cll

157 3816 278 3882 dietum
297 3812 460 3878 Strattidis
474 3814 560 3901 apud
572 3815 774 3880 Aristotelem
796 3816 847 3879 De
867 3816 954 3880 Sens.
970 3839 1005 3904 p.
1018 3821 1071 3884 16.
1084 3820 1124 3886 T.
1135 3820 1176 3887 ll.

156 3919 219 3984 Ed.
236 3917 384 4006 Sylburg.
400 3914 494 3979 Ὅταν
516 3923 589 3997 φακῆ
609 3917 722 3996 ἕψηται,
740 3922 779 3999 μὴ
794 3921 898 4002 ἐπιχεῖν
910 3916 1007 4006 μύρον.
1045 3921 1179 3989 Cratetis

155 4021 278 4087 dietum
299 4017 443 4104 exposuit
463 4040 592 4105 quoqne
611 4019 759 4082 Erasmus
778 4019 885 4106 Adag.
907 4042 942 4108 p.
956 4023 1022 4106 586
1037 4049 1050 4089 r·
1069 4039 1104 4091 et
1118 4024 1179 4093 Ca·

154 4123 312 4187 snubonus
338 4119 378 4185 ad
403 4119 525 4184 Athen.
552 4119 575 4183 l.
591 4140 621 4182 c.
644 4139 676 4203 p.
695 4122 768 4204 287.
811 4120 909 4208 Quod
934 4138 1044 4189 autem
1069 4126 1179 4194 erate·

153 4221 248 4303 dixit,
267 4245 308 4288 ex
329 4221 446 4286 lunaria
467 4234 494 4284 et
506 4220 710 4309 strmtuefilate
724 4221 886 4307 seditiones
904 4236 933 4285 et
955 4229 1130 4309 tyrannides
1148 4228 1182 4293 iu
1203 4304 1205 4315 Ι
