2700 4928
258 341 345 408 {170
455 330 554 393 Μ.
575 322 784 392 ANIMADV.
804 330 853 391 ut
872 324 1111 393 murnum

264 497 369 563 dunt:
400 518 497 561 nemo
512 492 600 582 quod
623 492 720 559 sciam
745 493 791 561 ite
815 493 1037 582 reprehendit,
1058 508 1113 576 nt,
1135 491 1301 561 mendenen

266 598 415 665 omniurn
438 610 642 686 peccatorum
662 610 697 662 et
720 595 908 684 injuriarum
934 597 1087 665 nudiores
1110 597 1299 688 pronuncie-

267 715 329 767 ret.

313 821 385 870 220.
400 801 446 867 D.
479 801 719 888 moinum]
756 800 914 868 Videntur
940 824 976 889 p.
998 819 1075 888 217.
1103 804 1142 868 F.
1170 816 1206 868 et
1232 818 1301 883 ψ.

309 1025 386 1074 220.
399 1006 444 1070 D.
468 1008 740 1093 E'PAAMIAONJ
765 1005 958 1072 Notavimus
978 1027 1017 1093 p.
1032 1025 1108 1095 192.
1123 1006 1171 1072 A.

312 1126 389 1174 220.
404 1109 449 1171 D.
472 1106 526 1193 αἱ]
554 1107 690 1173 Ibidem.

311 1228 385 1277 220.
401 1209 440 1272 Ε.
461 1207 516 1296 β’.]
543 1208 667 1274 Ibidem
681 1209 720 1273 Β.
752 1206 946 1274 Cortforatur
966 1207 1120 1274 Erasmus
1141 1208 1250 1299 Adag.
1269 1228 1301 1296 p.

311 1431 385 1481 220.
395 1415 435 1477 E.
450 1411 498 1498 t]
525 1410 704 1499 Aequiesoo
716 1412 748 1477 in
761 1411 917 1501 Xylandri
931 1411 1215 1500 interpretatione,
1228 1410 1303 1499 Qe'u

266 1514 348 1580 nibil
368 1515 441 1580 nihi
461 1529 532 1604 opus
558 1514 597 1601 eli
618 1540 663 1580 eos
687 1515 796 1580 erroris
816 1516 995 1580 convincere.
1031 1518 1191 1585 Acumen
1210 1516 1301 1584 estin

267 1618 365 1683 verbo
379 1616 504 1701 ἐλέγξας,
520 1616 608 1702 quod
621 1617 664 1682 est
676 1639 708 1679 ee
721 1628 750 1679 et
755 1616 844 1702 sotio
858 1641 943 1704 quen
955 1617 1146 1699 convincere,
1161 1632 1201 1685 ut
1216 1632 1300 1685 note·

267 1716 372 1783 vimus
393 1739 425 1802 p.
443 1719 516 1801 176.
533 1717 573 1780 C.
612 1717 717 1804 Igitur
739 1716 843 1782 sensus
863 1716 905 1781 est
928 1717 994 1795 hic,
1018 1716 1099 1782 Nolo
1120 1720 1301 1799 connium,

267 1832 302 1884 ee
315 1843 347 1883 ee
361 1820 424 1908 ipsa
438 1819 652 1884 convincentur
662 1821 701 1904 se
713 1818 832 1907 mqffe,
853 1831 881 1883 et
897 1842 985 1883 oona
999 1819 1144 1884 oifloriae
1153 1822 1213 1910 spe
1225 1823 1300 1886 dete·

261 1935 330 2010 ptos
344 1923 408 2008 effe.
444 1921 498 1986 Sic
511 1920 642 2006 ἐλέγχειν
654 1921 697 1986 est
710 1921 896 2001 connium,
915 1933 950 1984 ret
964 1921 1042 2009 quid
1057 1945 1092 1988 re
1104 1935 1135 1986 et
1144 1922 1238 2008 fodio
1249 1937 1300 2011 cp·

262 2035 393 2111 pareat:
416 2046 446 2087 v.
462 2045 492 2089 c.
516 2023 548 2087 in
571 2022 612 2087 C.
627 2021 778 2088 Graccho
796 2045 831 2110 p.
847 2024 921 2104 840.
937 2023 981 2088 A.
995 2027 1045 2102 nir
1066 2025 1133 2110 ὶχῢν
1151 2026 1300 2091 rembe-

266 2150 321 2189 σαν
336 2125 382 2204 ἤδη
397 2124 484 2200 deiende
496 2124 638 2210 ἒλὸγχιν,
653 2137 781 2189 metucns
799 2125 973 2189 conmittere
989 2136 1024 2188 ret
1041 2139 1208 2214 appareret
1216 2129 1301 2216 seon

265 2228 330 2292 vien
340 2229 411 2316 jane
426 2225 559 2315 deficere.
593 2226 700 2292 Mario
714 2244 790 2311 454.
806 2227 852 2293 B:
876 2225 996 2293 Pericle
1014 2229 1090 2292 162.
1106 2232 1132 2294 F
1144 2254 1155 2294 t
1177 2235 1226 2308 τῆς
1238 2227 1299 2295 σι’·

266 2355 317 2417 ρας
339 2329 535 2413 immone,
558 2352 648 2414 quum
666 2341 786 2392 conatus
809 2327 913 2392 irritus
930 2327 1051 2415 fiee'ffet.
1098 2331 1200 2397 Fabio
1217 2332 1300 2397 Mn.

268 2432 340 2512 184.
358 2433 400 2495 Et
431 2429 569 2494 Lucullo
588 2429 665 2513 518.
681 2430 720 2492 B.
756 2430 864 2498 Aliter
881 2430 1031 2494 Erasmus
1047 2431 1205 2518 explicet,
1224 2455 1297 2522 pre·

266 2549 316 2598 ter
336 2531 529 2619 elegantiam
550 2545 586 2596 et
603 2529 869 2596 consuetudinem
891 2533 992 2610 suem,
1014 2533 1153 2602 obscure
1174 2550 1212 2604 et
1226 2558 1296 2603 con·

267 2646 353 2700 torte
366 2659 375 2712 ;
399 2656 496 2721 quem
511 2632 598 2721 legat
614 2633 669 2719 qui
684 2634 770 2712 vult3
794 2635 921 2720 probet,
938 2635 992 2700 cui
1006 2635 1128 2721 placet.

311 2756 385 2805 220.
402 2741 436 2804 F.
459 2736 506 2822 r'.]
531 2735 727 2824 προφερομένη
743 2736 908 2815 diffitente,
922 2736 1100 2824 proferente,
1117 2750 1296 2816 memorante.

265 2836 442 2926 legendum
458 2859 516 2925 pro
531 2837 662 2924 vulgato
674 2836 890 2925 προσφερομένη
903 2836 990 2922 quod
1005 2860 1122 2903 omnes
1138 2839 1236 2906 libros
1248 2861 1297 2906 oc·

266 2941 407 3026 cupavit.
439 2942 531 3025 Saepe
547 2937 802 3003 confunduntur.
825 2938 1030 3004 Restituimuc
1044 2939 1110 3004 hoc
1126 2963 1160 3028 p.
1177 2961 1248 3006 110.
1258 2942 1296 3006 D.

266 3040 478 3106 Reddendum
501 3040 644 3126 Diogeni
668 3039 795 3104 Laertio
822 3041 880 3103 lV.
901 3060 942 3126 9:
971 3039 1185 3125 προσηνέγκατο
1213 3043 1297 3119 renni,

266 3143 330 3204 baec
352 3141 513 3220 recitavit3
537 3141 709 3227 requiritur
729 3139 934 3228 προηνέγκατο·
958 3153 993 3205 et
1009 3141 1049 3205 fic
1070 3143 1159 3208 redie
1172 3144 1297 3209 adhibe·

267 3256 321 3308 tur
344 3242 421 3306 Vll.
444 3261 496 3320 21,
512 3261 564 3307 22.
603 3245 768 3327 Perpernm
793 3241 913 3328 legitur
937 3241 969 3306 in
995 3243 1154 3309 Aristocle
1180 3242 1299 3311 Eusebii

269 3346 371 3430 Praep.
394 3346 515 3430 Evang.
538 3344 612 3408 XV.
635 3363 669 3428 p.
686 3360 760 3427 791.
775 3343 820 3406 D.
847 3343 997 3423 ποιήματα
1018 3345 1123 3431 lm&
1145 3343 1298 3434 npoepepo‘·

268 3470 357 3532 μενος·
380 3468 439 3533 pro
452 3443 662 3531 προφερόμενος.
701 3444 801 3508 Βεέὶε
816 3443 847 3507 in
863 3443 932 3508 aliis
948 3443 1112 3510 Plutarchi
1130 3447 1210 3514 locis
1223 3446 1299 3535 legi·

269 3566 322 3616 tur
336 3552 423 3636 Opp.
439 3550 525 3612 Mor.
540 3569 573 3634 p.
589 3548 665 3613 622.
681 3548 724 3615 A.
747 3548 822 3612 680.
833 3547 876 3614 A.
899 3567 973 3633 700.
984 3549 1024 3612 E.
1048 3551 1126 3634 872.
1141 3555 1187 3616 A.
1211 3552 1299 3637 1038.

270 3656 307 3720 F.
332 3673 426 3739 ¹039·
444 3653 482 3714 Ε.
509 3668 602 3730 1040.
618 3650 652 3712 F.

313 3775 388 3820 220.
404 3757 438 3820 F.
461 3753 514 3836 52]
532 3753 684 3830 κηληκτὰς,
699 3749 782 3815 forte
796 3764 908 3815 natum
919 3771 957 3814 en
972 3748 1100 3815 duabus
1113 3750 1302 3821 lediionibut

270 3863 403 3938 κηλητὰς,
423 3868 457 3921 et
477 3857 621 3932 annuende,
638 3850 724 3938 quod
749 3874 831 3916 unus
852 3851 909 3916 dat
922 3851 1024 3915 codex
1037 3854 1069 3917 J.
1086 3870 1224 3942 utraque
1237 3854 1299 3919 for·

269 3984 323 4025 ma
343 3958 384 4023 ad
406 3955 587 4042 arralogiam
611 3954 706 4031 bona,
722 3951 776 4017 illa
794 3975 814 4016 a
835 3952 935 4031 κηλίω,
957 3951 1018 4017 hac
1036 3976 1056 4017 a
1074 3955 1193 4036 κηλῖζω.
1230 3957 1299 4020 Νο·

269 4086 345 4126 men
366 4061 399 4125 in
422 4058 546 4124 lexicis
568 4053 789 4134 defideratunr,
811 4068 904 4118 notat
924 4053 1141 4137 obleetamen,
1165 4055 1299 4122 delinito·

268 4188 341 4227 ren.
378 4159 488 4227 Simile
506 4159 629 4224 dietum
650 4154 817 4220 Demarati
838 4154 936 4221 modo
958 4154 1098 4221 vidimus
1119 4179 1154 4246 p.
1171 4178 1244 4225 220.
1256 4157 1297 4221 A.
1338 4168 1341 4175 '

268 4264 311 4356 γ’.
347 4265 464 4353 Neque
485 4285 559 4329 vero
580 4280 758 4350 repugnem
773 4256 851 4346 quin
869 4257 931 4325 elia
943 4257 1044 4337 etiem
1056 4259 1157 4329 leeuo
1169 4262 1229 4330 effe
1240 4280 1297 4351 po·

468 4512 625 4576 A
