2700 4928
163 304 242 361 neo
352 288 1015 360 D.w.AN1MADV.1NPLU'rA1tcnr

206 476 281 548 225.
298 462 337 527 B.
361 462 417 547 ζ’.]
440 461 550 527 Simile
564 407 744 537 notavimus
762 458 924 547 Pelopidae
937 458 982 545 γ’.
999 449 1033 547 p.
1048 477 1122 546 194.
1133 460 1185 547 D.

206 586 281 652 225.
297 567 334 631 B.
357 566 408 652 212]
434 566 635 654 Conuptelae
651 565 860 652 suspicionem
874 578 986 630 movet
1004 568 1041 627 ut
1055 565 1109 646 pir
1122 559 1193 626 onst

161 694 198 752 με
219 674 259 754 τῷ
283 670 401 746 πλήθει,
416 668 567 754 ſsqoidem
589 668 779 732 multitudine
804 691 850 732 me
872 667 1004 754 censetis,
1027 665 1193 753 aestt'nrotist

161 770 367 857 nequeenim
383 768 478 850 sisoius
492 797 519 834 ss
537 796 601 850 τινι,
616 771 737 859 aliquid
748 769 948 858 aliquomodo
964 767 1124 854 aestimcre,
1138 769 1195 831 hoc

163 872 251 937 sensu
279 872 465 957 usurpatum
495 872 662 959 reperitur,
689 894 753 959 quo
782 872 914 937 verbum
937 883 1053 963 putore
1077 869 1192 935 Istinc

162 971 384 1037 consuetudini
399 973 557 1038 vindicare
571 973 703 1038 instituit
720 976 791 1039 Jac.
807 972 899 1037 Fred.
917 972 1139 1061 Heusingerus
1158 968 1193 1034 sd

79 1083 82 1092 '
161 1073 231 1138 Cic.
248 1074 341 1140 offic.
357 1077 384 1139 Ι.
400 1093 452 1141 22.
484 1075 637 1161 Ιςίῐιιτμι
652 1075 762 1141 saltem
777 1073 976 1139 delendum:
1002 1093 1192 1161 quamquam

160 1196 201 1239 nc
215 1175 254 1238 src
269 1175 400 1260 quidem
421 1175 513 1240 locus
534 1176 576 1240 ad
594 1177 772 1257 sanitatem,
795 1175 915 1241 nedum
937 1175 980 1240 ad
1002 1175 1193 1241 Laconicam

159 1274 329 1355 rationem,
346 1275 506 1341 comestus
520 1277 657 1342 videtur.

203 1397 244 1442 22
245 1398 278 1462 5.
292 1378 332 1443 C.
354 1376 410 1464 δῖ]
437 1380 488 1444 Est
504 1401 590 1443 mem
604 1378 788 1445 immutatio
802 1378 1026 1446 antecedentis
1040 1378 1083 1464 γ’.

203 1499 278 1565 225.
296 1480 336 1545 C.
360 1478 404 1564 t]
428 1482 572 1545 Verbum
587 1488 737 1568 θεομαχεῖν
756 1483 936 1546 notavimus
958 1503 993 1568 p.
1014 1482 1089 1546 1⁶8.
1107 1480 1147 1546 C.

204 1602 278 1669 225.
294 1586 337 1649 D.
361 1583 426 1669 sd]
451 1585 560 1649 Simile
584 1585 627 1650 est
649 1585 695 1649 illi
719 1585 903 1673 Myronidae
926 1607 960 1671 p.
979 1585 1056 1670 185.
1073 1588 1111 1650 F.
1144 1585 1192 1650 Do

161 1687 389 1753 communione
417 1690 595 1753 Verborum
620 1693 743 1769 αἰδᾶθση
769 1702 804 1753 et
833 1687 965 1773 postibus
990 1689 1133 1754 diximus
1158 1710 1193 1775 p.-

162 1806 236 1872 217.
250 1790 295 1854 A.
773 1790 776 1797 '

203 1909 277 1975 225.
292 1877 337 1955 D.
360 1889 434 1976 ιγ’.],
451 1890 551 1955 Multi
565 1891 628 1956 hoc
644 1890 766 1957 dissum
786 1890 949 1957 memorie
970 1891 1192 1979 prodiderunt,-

159 2013 297 2079 quorum
317 1993 404 2058 locos
426 1992 557 2079 collegit
579 1997 611 2060 J.
632 1994 773 2060 Davifius
796 1993 836 2058 ad
859 1993 1029 2058 Ciceronis
1050 1995 1145 2060 Tusc.
1164 1995 1189 2057 1.

157 2111 222 2174 42:
255 2093 341 2180 Quid
362 2094 413 2157 ille
434 2096 498 2157 dux
521 2093 668 2158 Leonidas
690 2096 793 2159 dicit?
816 2096 967 2159 Prandete
989 2097 1090 2160 animo
1100 2095 1190 2182 sorti,

156 2196 398 2261 lacedaemonii:
426 2197 511 2261 bodio
537 2198 622 2285 opud
647 2198 755 2285 infferos
772 2197 902 2287 fhrtoffl
929 2198 1098 2262 coenabitis.
1142 2198 1191 2261 Its

157 2297 244 2361 enirn
269 2296 455 2384 legendum,
475 2299 657 2363 circitoribus
682 2301 822 2380 Erasmo‚
847 2302 890 2364 G.
912 2301 1069 2379 cantero,
1093 2301 1188 2364 Lams

155 2399 245 2476 bino,
263 2400 411 2464 Prandcte
431 2422 489 2486 pro
506 2400 628 2487 vulgari
645 2403 787 2490 Pergite3
810 2401 1075 2489 repudiandaquc
1093 2392 1189 2467 Davi·

155 2498 188 2562 sri
209 2513 242 2563 et
264 2500 396 2565 aliorum
418 2501 510 2566 ratio.
547 2503 711 2568 Caeterum
735 2506 785 2567 M.
801 2505 923 2567 Seneca
943 2504 1072 2567 Suasor.
1089 2505 1133 2567 ll.
1154 2524 1186 2590 p.

159 2617 210 2687 15.
226 2603 280 2667 fibi
295 2603 356 2667 hoc
371 2603 535 2668 videbatur
548 2604 580 2668 in
596 2604 765 2669 Herodoto
775 2603 894 2691 legisse,
906 2604 1065 2669 memoria
1079 2603 1107 2668 is
1118 2604 1185 2691 qui·

155 2704 230 2769 dem
254 2705 418 2793 deceptus,
441 2721 478 2770 ut
498 2706 643 2787 videtur3
672 2706 823 2794 squidem
846 2705 944 2770 hodie
966 2706 1035 2770 illic
1057 2729 1121 2772 non
1143 2706 1185 2770 le·

154 2807 258 2894 gitur:
283 2809 345 2872 Sed
364 2811 395 2871 in
410 2809 472 2872 ‚boc
490 2809 628 2886 materia,
652 2808 833 2896 dise·rt{ffimo
848 2807 904 2870 illa
915 2806 1029 2891 fortur
1038 2807 1186 2897 sententia

154 2909 308 2986 Dorionis,
329 2935 394 2974 cum
414 2911 548 2997 prffniffi’t
570 2912 622 2974 boc
643 2911 745 2997 diciffl
764 2910 898 2973 trecentis
919 2910 1100 2992 Leonidam,
1116 2909 1188 2998 quod

152 3023 223 3098 puto
245 3013 333 3075 etiam
356 3014 440 3099 apud
460 3011 640 3077 Herodotum
663 3015 726 3099 effi,
747 3011 829 3086 οὕτως
843 3017 958 3098 ἁριςᾶτε
976 3015 1014 3087 ὡς
1030 3016 1056 3075 ἐν
1072 3013 1123 3100 ᾆδε
1138 3013 1186 3076 δε·

154 3113 309 3188 curiosum.

199 3227 273 3296 225.
289 3214 327 3275 Ε.
351 3211 407 3296 ιε’.]
433 3214 537 3292 Duos,
554 3236 635 3299 quos
656 3213 701 3277 ita
721 3214 839 3278 servare
859 3213 996 3278 voluerit
1022 3217 1186 3295 Leonidas,

156 3337 331 3402 eorumque
352 3313 565 3378 recusantium
581 3315 666 3379 <lisia
685 3330 719 3379 et
736 3317 860 3380 obitum
876 3333 985 3381 narrat
1000 3319 1187 3383 Plutarchus

156 3417 208 3483 De
231 3414 388 3480 Herodoti
405 3415 570 3502 Malignit.
591 3437 624 3501 p.
641 3418 715 3480 866.
731 3418 770 3496 B,
786 3416 826 3482 C.
863 3418 956 3481 Alios
978 3420 1080 3484 etiam
1102 3419 1187 3484 fimili

156 3520 189 3585 in
210 3518 323 3599 caussa,
351 3518 485 3583 dissimili
515 3532 632 3582 eventu
657 3542 677 3583 a
700 3519 842 3583 [conida
868 3518 1009 3585 dimissos
1033 3533 1187 3586 memorat

156 3623 343 3713 Herodotus
357 3623 435 3685 Vll.
453 3641 640 3707 221-233:
665 3623 719 3708 qui
735 3623 823 3687 locus
838 3622 968 3707 posteris
982 3623 1186 3710 scriptoribus

156 3725 323 3789 materiam
344 3736 377 3787 et
397 3724 579 3808 exemplum
602 3723 643 3788 ad
665 3723 741 3788 alius
756 3724 789 3786 in
811 3725 873 3788 hoc
891 3747 1012 3810 genere
1034 3726 1186 3814 imagines

155 3825 337 3892 fonnandus
356 3824 520 3912 praebuisse
541 3824 677 3887 videtur.
716 3828 751 3888 ln
776 3826 921 3910 responso
935 3826 1079 3908 secundi,
1100 3826 1185 3891 llarl.

155 3928 212 3993 dut
228 3931 307 3992 mirol
318 3928 404 4011 μένων
419 3928 540 4014 κρέσσων
559 3926 593 3991 ἂν
608 3926 671 4004 εἴην·
696 3928 808 4015 inquo
830 3929 927 3992 etiam
949 3930 1078 4017 κρέσσων
1099 3930 1185 3995 exhi·

153 4031 210 4096 bet
223 4033 343 4099 Venet.

198 4148 271 4215 225.
288 4133 326 4194 E.
349 4131 571 4215 onnwr]
599 4129 706 4217 Hujus
720 4145 753 4194 ct
768 4130 904 4195 filiorum
919 4134 1046 4201 mentio
1061 4134 1136 4200 alibi
1155 4134 1183 4198 ss

155 4233 247 4302 nobis
268 4232 412 4299 noudum
425 4231 555 4301 obtulit.
593 4232 776 4298 Constantia
797 4231 928 4319 quidem
949 4249 984 4300 et
1006 4239 1180 4326 responsum

468 4482 598 4528 Α
