2700 4928
279 329 338 397 sot
466 325 506 386 D.
516 325 568 386 W.
583 323 790 385 humant.
809 323 858 385 tlt
877 322 1107 386 PLUTAROEI

272 486 344 575 jam
366 499 441 554 ante
464 485 669 554 Plutarchum
689 487 725 563 in
745 487 807 553 hae
827 485 1045 553 admonitione
1065 488 1162 574 ψυχῆς
1184 506 1306 555 nomen

186 614 189 619 ·
279 588 405 654 celebre
418 587 491 654 luit.

323 709 396 758 102.
411 691 449 756 B.
470 691 538 754 mx
559 691 599 752 ἔπ’
614 688 743 776 datr]
768 688 917 755 Diximus
938 688 980 754 ad
998 709 1032 776 p.
1047 690 1101 775 69.
1116 690 1161 753 D.
1183 689 1242 756 ubi
1254 690 1303 758 le-

278 789 403 855 oundus
416 803 451 854 et
465 788 577 855 tertius
590 792 694 856 versus
708 789 868 854 citantur:
892 787 987 875 primi
1008 788 1210 854 deficientem
1229 812 1303 878 par·

279 903 346 954 tem
368 890 549 957 Gatakerus
574 891 607 955 in
629 889 760 956 Adrers.
785 890 886 955 Pollh.
908 910 942 976 p.
955 889 1031 973 487.
1055 888 1184 976 explere
1203 890 1303 957 voluit

278 990 428 1079 legendo,
443 992 527 1057 Ἀλλ’
541 992 607 1058 ἄλλ’
624 997 663 1057 lsr'
677 992 807 1080 itaq-m
842 995 936 1060 Unus
956 1013 1003 1057 ex·
1016 992 1126 1057 nostris
1140 991 1303 1058 codicibus

239 1135 243 1141 -
278 1093 394 1159 Venet.
408 1093 507 1160 habet
520 1094 630 1180 quida
642 1094 765 1160 ceteris
779 1092 1000 1173 diversr‚¹A›ao
1015 1092 1043 1156 δι’
1055 1095 1085 1178 γ’
1099 1097 1139 1157 ἐπ’
1149 1093 1281 1181 altar.

322 1212 395 1262 102.
409 1193 450 1259 C.
472 1200 594 1259 Πολλῶν
612 1199 670 1282 γὰρ
691 1193 771 1258 ὄντων
791 1196 920 1280 ψυχικῶν
941 1196 1099 1279 maiust]
1127 1194 1165 1260 ln
1180 1195 1300 1260 Emen-

278 1294 406 1360 datione
420 1294 491 1382 jam
505 1296 683 1361 notavimus
698 1297 801 1360 sumta
823 1294 891 1359 haec
913 1294 973 1359 else
993 1316 1033 1359 ex
1054 1293 1226 1359 Menandri
1246 1307 1301 1359 aut

272 1396 473 1464 'Philemonis
498 1397 634 1484 quadam
658 1397 777 1476 fabula,
803 1396 1011 1483 eamdemque
1032 1395 1221 1462 sententiam
1244 1417 1300 1462 ex·

277 1496 354 1563 liare
368 1489 452 1585 apud
467 1498 631 1564 Stobaeum
647 1497 751 1563 Floril.
770 1497 835 1564 Tit.
850 1499 973 1563 XCIX.
990 1498 1097 1564 Grotii
1109 1518 1142 1584 p.
1152 1513 1229 1583 415.
1245 1498 1300 1563 sub

278 1599 408 1666 nomine
432 1599 643 1666 Philemonis:
668 1613 701 1664 at
722 1600 755 1664 in
778 1600 907 1666 Gesneri
921 1599 1063 1665 editione
1080 1600 1145 1665 Tit.
1161 1600 1299 1666 XCVII.

274 1702 335 1766 -sub
356 1702 483 1768 nomine
504 1702 674 1767 Menandri
695 1722 729 1787 p.
743 1717 827 1786 537:
851 1703 974 1766 fontem
994 1701 1081 1767 hunc
1103 1702 1299 1769 Plutarcheae

276 1804 428 1869 emtionis
449 1803 595 1870 indicaffe
611 1804 673 1870 Th.
689 1804 864 1868 Canterum
877 1805 919 1869 V.
933 1806 971 1868 L.
991 1805 1019 1867 l.
1038 1807 1088 1868 16.
1121 1806 1247 1871 heum
1267 1804 1299 1869 ia

276 1905 393 1971 Graeco
416 1917 568 1971 contextu
594 1903 731 1969 solutum
756 1918 859 1969 metro
882 1904 1089 1990 reliquimus:
1124 1904 1213 1991 quod
1236 1905 1298 1992 ipse

275 2008 380 2072 serlus
395 2007 523 2073 solvill'et
547 2006 732 2073 Plutarchus
754 2006 879 2093 suasque
896 2005 1100 2093 disputationi
1113 2027 1297 2072 acoommo·

276 2105 395 2172 dallet:
417 2130 514 2195 quam
528 2108 682 2173 rationem
698 2107 730 2171 in
747 2107 809 2171 hoc
826 2106 907 2171 libro
921 2106 1068 2172 licentius
1082 2129 1179 2194 quam
1194 2108 1227 2172 in
1238 2106 1299 2173 alio

277 2229 437 2294 quoquam
452 2210 578 2272 secutus
592 2209 645 2272 est.
678 2205 843 2293 Sedjuvat
856 2208 937 2294 ipsos
951 2228 1111 2294 apponere
1125 2208 1250 2275 versus:

443 2314 565 2372 Πολλῶν
580 2308 656 2389 φύσει
670 2313 725 2381 τοῖς
737 2313 822 2371 πᾶσιν
836 2312 913 2371 altior
929 2319 1022 2374 κακῶν

443 2411 534 2486 alian·
558 2411 602 2472 διὰ
614 2410 700 2484 λύπην
713 2409 735 2494 sl,
750 2409 837 2490 μοινῖοι
850 2414 909 2498 γὰρ
922 2411 1027 2494 γίνεται
1107 2468 1110 2473 ,
1205 2431 1208 2437 ·

446 2515 599 2588 Πολλοῖσι,
615 2512 636 2597 ri,
651 2511 780 2592 νοσήματ’
796 2516 842 2576 οὐκ
858 2513 969 2594 ἰάσιμοι·

446 2613 539 2688 Αὐτός
553 2616 577 2675 τ’
591 2614 740 2701 ἀνῃρήκασι
756 2616 800 2677 διὰ
813 2615 898 2691 λύπην
912 2615 990 2690 τινές·

442 2717 532 2776 'Exclu
545 2714 577 2775 τὸ
593 2721 692 2777 λυποῦν
703 2718 795 2777 πλοῖον
806 2712 821 2790 ἢ
834 2718 865 2778 τὸ
879 2720 965 2794 σῶζον
977 2711 1005 2800 ᾖ.

278 2819 315 2883 ln
331 2814 447 2883 Clerici
460 2814 599 2879 editione
613 2815 696 2878 inter
716 2814 908 2880 Philemonis
928 2818 999 2881 sunt
1020 2836 1054 2902 p.
1068 2832 1144 2902 354.
1181 2817 1300 2884 Similia

276 2921 410 2987 aliorum
424 2917 510 2982 didta
523 2917 642 2982 exstant
655 2917 687 2981 in
702 2917 814 2982 eodem
830 2918 950 2983 Stobaei
964 2918 1084 2997 Titulo,
1099 2941 1171 3006 quae¹
1186 2922 1300 2987 referre

276 3020 321 3086 nil
335 3019 464 3084 attinet.
500 3020 537 3084 ln
560 3023 688 3104 ψυχικῶν
708 3040 819 3084 omnes
841 3020 1043 3085 consentiunt
1060 3019 1153 3086 libri:
1177 3036 1301 3109 poterat

276 3138 384 3188 tamen
408 3120 593 3186 Plutarchus
614 3120 796 3205 exemplum
818 3121 914 3208 presse
936 3122 1067 3209 sequens
1088 3134 1210 3207 φυσικῶν
1226 3125 1299 3191 seri*

275 3225 370 3289 bere:
395 3222 446 3288 sed
459 3223 566 3288 omnia
580 3223 705 3287 volebat
725 3223 766 3286 ad
783 3225 878 3309 'lvxi’
893 3224 1025 3303 referre,
1041 3238 1078 3289 ut
1099 3225 1178 3292 item
1193 3227 1227 3291 in
1240 3229 1299 3293 AE·

275 3324 376 3412 schyll
390 3324 475 3388 dldlo
489 3328 569 3410 ὀργῆς
583 3323 615 3386 ln
629 3326 724 3408 ψυχῆς
739 3325 885 3388 mutavit.
1009 3370 1013 3380 ·

270 3456 274 3464 ·
320 3445 392 3492 102.
408 3427 448 3490 C.
470 3428 510 3489 Τὸ
528 3427 578 3507 μὲν
593 3424 636 3488 οὖν
657 3428 836 3508 ἀλγῶ-ἐφ’
860 3428 935 3512 ἡμῖν]
961 3428 1069 3493 Teneo
1090 3427 1197 3497 adhuc
1215 3429 1299 3519 quod

276 3528 398 3604 notavi,
410 3525 480 3589 haeo
497 3525 586 3603 item,
601 3540 639 3590 ut
653 3524 806 3610 proxima,
826 3527 885 3591 etse
906 3528 1088 3594 Crantoris:
1112 3551 1152 3594 ex
1168 3531 1300 3598 eoden-

275 3651 338 3716 que
360 3627 497 3714 plurima
517 3625 579 3690 alia
605 3626 636 3691 in
659 3626 721 3690 hoc
745 3627 825 3692 libro
848 3627 1035 3693 Plutarcheo
1058 3630 1187 3711 exstare,
1213 3632 1302 3699 nulls

275 3731 359 3797 latia
373 3727 535 3792 mentione
556 3727 704 3806 sudoris,
720 3727 915 3794 documento
930 3731 981 3793 est.
993 3729 1150 3796 diversitas
1169 3734 1301 3820 rationis

187 3905 190 3911 ,
269 3829 494 3908 'et·orationis,
509 3843 542 3894 et
556 3829 685 3915 quidam
702 3829 899 3915 antiquitatis
921 3832 1049 3897 colora
1071 3833 1183 3920 reliqui
1205 3836 1304 3903 libelli

273 3934 382 4000 colore
395 3932 439 3998 ita
453 3930 611 4008 differens,
625 3943 665 3994 ut
679 3931 809 3996 subinde
824 3933 946 3997 sensum
960 3955 1069 3998 meum
1082 3937 1229 4003 moverit.
1285 3980 1291 3987 ·

318 4055 391 4104 102.
405 4033 445 4099 C.
464 4037 509 4097 ot
522 4037 581 4118 γοὶς
596 4031 686 4116 ἔγωγε
698 4032 953 4118 συμφέρομαι-Ι).
969 4036 1089 4122 ψυχήν]
1115 4036 1225 4124 Hujus
1239 4039 1303 4107 luni

271 4149 397 4220 partem
411 4158 452 4202 ex
466 4134 623 4201 Crantore
641 4134 750 4200 attulit
771 4134 886 4200 Cicero
902 4136 999 4201 Tusa.
1015 4138 1078 4205 Ill.
1090 4142 1123 4206 6.
1138 4157 1185 4223 et,
1201 4144 1305 4212 nolin

657 4542 847 4650 ,fx
