2700 4928
285 331 594 397 mmmm.
608 337 771 397 ETDUc.
786 336 1001 414 1³·198·D-.F·
1085 345 1161 396 nat

126 512 185 582 31:
208 494 243 560 in
264 497 459 586 conquestione
481 499 571 571 luxus
593 523 696 589 coquos
717 501 773 564 emi
788 500 929 588 fingalos
948 497 1048 587 pluris
1071 522 1163 586 mam

126 622 206 687 iquos
219 598 422 693 quir-itabant.
452 603 498 666 Al
511 627 590 666 nunc
605 603 686 690 coqui
700 603 911 690 triumphorum
920 600 1026 689 pretiis
1042 615 1160 688 paran-

126 712 190 783 lur„
205 717 235 769 ct
254 728 408 794 coquorum
424 706 527 798 pfier.
562 705 727 772 Diodorus
750 704 816 771 Sic.
834 706 985 791 Excerpt.
999 704 1041 768 T.
1056 703 1102 768 11.
1124 725 1159 791 p.

162 907 239 993 198.
253 907 298 972 D.
320 907 378 996 72]
404 907 586 997 Astigimua
597 931 634 995 p.
650 929 681 974 1.
698 908 738 975 C.

161 1010 291 1097 198.-E.
313 1010 364 1096 8.]
391 1012 428 1075 In
443 1011 521 1077 Vita
534 1011 669 1078 Catonia
690 1033 724 1098 p.
737 1030 814 1099 340.
830 1012 866 1076 F.
894 1009 1029 1075 Habent
1046 1013 1159 1091 scalpus

126 1108 217 1194 Σοφὸν
237 1110 313 1178 MS.
336 1132 370 1198 p.
387 1130 448 1197 17:
470 1113 636 1201 ‘Dripprirl
653 1114 845 1201 συγγίνωσκε,
868 1115 911 1177 rol
933 1116 1044 1198 δἀὐτῷ
1063 1115 1161 1196 misse

126 1219 188 1295 ὥς,
224 1212 348 1306 Similia
364 1236 441 1279 cum
456 1214 550 1302 copia
565 1229 599 1280 et
615 1215 742 1302 judicio
762 1214 900 1303 protulit
914 1214 1097 1280 Gatakeruc
1115 1212 1159 1279 ad

126 1314 170 1379 lt
184 1315 344 1381 Antonin.
361 1319 456 1403 Ι.13.
472 1338 505 1404 p.
522 1337 575 1385 1ο.
590 1319 627 1383 F.
644 1319 708 1405 seq.
785 1326 791 1333 '

126 1460 131 1467 -
161 1420 290 1505 198.-E.
312 1418 359 1504 εἲ]
385 1420 462 1484 Non
488 1419 666 1506 reperimus
689 1420 721 1484 in
745 1419 823 1485 Vrta
841 1418 987 1486 Catonis.
1023 1421 1158 1486 Habent

126 1520 231 1600 Μμαφ
250 1520 349 1604 Sopor
367 1522 443 1586 MS.
467 1542 501 1607 p.
519 1539 556 1605 17
572 1546 580 1584 t
601 1522 641 1585 ⁸0
659 1525 697 1604 μὴ
712 1521 825 1586 κωλύων
837 1524 869 1585 τὸ
883 1520 1054 1609 ἁμάρτημα,
1069 1526 1093 1586 ai
1107 1522 1155 1593 dv'·¹

126 1621 416 1707 urahspwro‘wcu.
454 1621 605 1708 Ejusdem
620 1622 736 1689 coloris
754 1623 798 1687 est
813 1622 871 1687 sub
884 1623 1015 1687 nomine
1028 1622 1156 1693 Solonis

126 1722 205 1810 tpud
224 1724 316 1790 stob.
332 1725 417 1789 Flor.
433 1726 555 1790 XLIV.
578 1748 611 1812 p.
626 1727 711 1812 3082
733 1724 821 1790 'Occi
840 1727 902 1801 τοὺς
923 1728 1082 1801 ἀδικοῦντας
1103 1752 1155 1791 κο·

126 1822 251 1909 Quen,
273 1827 344 1893 οὗτοι
366 1827 417 1905 rtis
438 1828 531 1905 ἄλλυς
552 1832 696 1910 ἁδικᾶθοη
714 1830 865 1894 madanti.
899 1830 942 1894 Et
965 1828 1157 1917 Pythagoran

126 1928 197 1994 bid.
220 1951 253 2017 p.
269 1950 353 2016 321:
377 1935 416 1995 Ol
436 1936 475 2014 μὴ
495 1932 657 2016 κολάζοπις
675 1934 738 2009 τοὺς
757 1934 871 2012 κακοὺς,
884 1933 1030 2011 bestowal
1051 1934 1156 1996 ἀδικεῖ·

126 2033 401 2118 θητοὸςᾶγσθοῦς.
441 2035 478 2099 ln
501 2034 558 2099 illo
580 2036 623 2100 est
645 2035 861 2123 paronomasia
881 2035 1049 2100 verborum
1066 2033 1156 2099 κολά-

126 2137 169 2216 ζω
189 2149 225 2200 et
245 2136 376 2201 κωλῦανε
400 2151 437 2202 ut
455 2137 488 2202 in
505 2137 638 2204 Catonis
658 2138 721 2204 hoc
740 2138 840 2217 dicto,
859 2138 1026 2203 verborum
1043 2138 1156 2202 κωλύειν
1286 2162 1289 2167 ’

126 2237 370 2315 ammador·
395 2260 590 2326 quamquam
604 2238 646 2304 ad
661 2239 910 2331 paronomasimn
927 2238 999 2327 satis
1018 2253 1087 2304 erat
1106 2265 1155 2303 xr-

126 2339 214 2421 usur,
229 2339 318 2426 quod
333 2339 389 2405 dat
407 2339 501 2405 Harl.
529 2355 680 2428 corrupte
693 2340 726 2404 in
741 2338 819 2404 Ald.
835 2339 908 2405 Bas.
925 2339 1001 2429 Xyl.
1016 2337 1103 2405 Voss.
1119 2339 1154 2406 Ρ.

126 2442 294 2521 manser,
309 2442 397 2529 quod
414 2443 480 2507 Pol.
497 2442 630 2507 Leonic.
646 2443 772 2508 Schott.
792 2428 960 2530 corrigunt
979 2440 1012 2505 in
1028 2467 1154 2506 maxr-
1248 2495 1250 2499 ,

126 2543 215 2622 νάειν,
239 2543 451 2610 unde-habet
473 2543 588 2630 Steph.
611 2543 742 2630 reliquia
769 2543 879 2611 nostrin
900 2542 989 2608 libris
1015 2564 1091 2608 cum
1116 2564 1156 2608 eo

126 2645 412 2711 tousentientibuar
436 2659 470 2711 et
491 2647 564 2711 sane
585 2646 739 2734 congruit
752 2646 853 2712 sensui
872 2646 970 2733 hujus
989 2645 1088 2711 diui:
1112 2647 1157 2711 esi

126 2746 203 2815 urim
218 2768 294 2813 cum
308 2748 499 2814 audoritate
513 2761 547 2814 et
569 2748 706 2835 imperio
720 2747 849 2835 jubere,
863 2747 947 2834 quast
962 2770 981 2811 e
995 2747 1156 2833 superiore
1281 2782 1283 2787 v

126 2872 150 2915 n
168 2848 355 2916 inferiorem
371 2850 494 2930 locum,
509 2873 582 2936 quie
600 2848 643 2915 est
658 2849 705 2915 via
726 2847 979 2936 praeposrtionia:
1003 2849 1042 2913 fic
1060 2853 1154 2933 ἀναγ-

126 2950 214 3029 rinna
229 2952 302 3038 quia
318 2951 360 3016 ad
379 2950 592 3039 superiorem3
616 2949 814 3036 καταγγέλλει
829 2949 871 3032 ad
884 2949 1079 3030 inferiorem,
1099 2951 1154 3014 dr·

126 3053 258 3121 satiat.-
288 3053 401 3119 eadem
426 3054 470 3118 est
493 3053 574 3120 ratio
599 3076 620 3119 a
643 3053 840 3139 ἀνακηρῦσσιν
863 3067 897 3116 et
920 3052 1154 3141 κατακηρύσσειν,

126 3153 247 3243 diisque
267 3155 461 3241 compositis.
498 3154 599 3242 Apud
622 3153 829 3237 Plutarchum
851 3151 914 3218 hoc
936 3175 1002 3218 uno
1023 3154 1097 3220 loco
1118 3167 1154 3220 et

126 3256 200 3325 'orte
224 3256 258 3321 in
283 3256 361 3339 Vita
384 3257 524 3322 Othonis
545 3279 579 3344 p.
597 3271 690 3341 1075.
707 3256 759 3320 Ar
783 3277 843 3321 nec
864 3254 953 3342 apud
971 3255 1051 3323 alios
1071 3257 1154 3344 saepe

126 3357 308 3435 nrenimua.
344 3360 383 3423 In
405 3359 615 3445 Aristophane
635 3357 732 3423 Avib.
757 3376 851 3444 1273.
874 3358 918 3423 est
940 3359 1095 3445 praeconia
1115 3358 1153 3422 sr-

126 3459 254 3537 eptium
271 3457 480 3546 imperantis:
505 3462 584 3525 Ran.
601 3479 675 3545 209.
689 3460 733 3524 est
745 3458 887 3525 officium
902 3459 1043 3547 magistri
1056 3458 1152 3524 remi-

126 3584 197 3653 gum
211 3572 354 3644 κελευςοῦ,
378 3563 516 3652 remiges
538 3562 713 3644 incitantis,
737 3561 931 3649 poniturque
947 3583 1006 3648 pro
1021 3560 1155 3648 simplici

126 3665 245 3733 ιωῦιν.
282 3667 382 3732 Affini
398 3667 531 3732 notione
546 3666 694 3731 censetur
709 3688 729 3730 a
743 3665 872 3730 Polluce
888 3663 933 3730 11.
949 3667 1002 3746 84.
1018 3684 1073 3750 93.

157 3769 234 3856 198.
248 3769 289 3833 Ε.
311 3770 364 3854 ς’.]
387 3769 466 3835 Vita
480 3768 614 3834 Catonia
626 3787 703 3853 341.
716 3767 757 3832 C.
785 3765 979 3833 Notavimus
995 3787 1028 3853 p.
1044 3785 1097 3853 29.
1107 3765 1152 3831 D.

156 3871 233 3959 198.
248 3873 288 3937 E.
312 3870 366 3957 ζ’.]
394 3870 541 3936 Indidem
558 3891 590 3957 p.
606 3890 682 3956 341.
699 3869 740 3935 C.

158 3973 233 4061 198.
250 3975 290 4038 E.
312 3973 362 4059 212]
391 3973 562 4060 Descripsit
586 3974 734 4038 Stobaeue
761 3971 846 4038 Flor.
870 3972 990 4036 XLIV.
1019 3992 1053 4059 p.
1075 3975 1152 4057 316.

126 4075 193 4141 rcrs.
212 4093 265 4159 17.
292 4074 403 4163 Simile
417 4076 461 4139 est
475 4074 614 4162 Agesilai
629 4075 663 4139 in
678 4071 926 4161 Apophtlregrn.
941 4075 1018 4138 Iac.
1032 4095 1066 4160 p.
1080 4093 1152 4141 210.

126 4180 152 4245 s.
188 4177 358 4244 Ciceronis
373 4179 526 4245 Parador.
541 4181 584 4246 V.
603 4199 633 4244 1.

160 4280 235 4367 198.
252 4282 289 4346 F.
311 4280 365 4368 8.]
391 4280 480 4348 Hinc
501 4280 662 4368 descripsit
684 4278 848 4346 Maximus
871 4279 1007 4347 sentent
1027 4300 1061 4369 p.
1075 4301 1152 4369 333.

160 4399 319 4450 vomi.
381 4422 386 4429 ·
619 4401 671 4463 4c
