2700 4928
224 326 285 394 oto
413 321 452 383 D.
462 323 513 383 W.
532 316 740 383 ANIMADu
761 321 807 381 IN
825 317 1060 381 rimarem

225 483 262 557 tlt
273 484 412 547 -xausb
431 485 519 550 wate
539 482 677 569 superea]
703 483 835 549 Dibium
853 481 887 547 in
909 481 1020 568 primis
1040 479 1247 561 celebratum,

227 582 398 648 Simonidis
417 586 656 671 reprehenfione
670 585 703 650 in
722 607 857 671 eamque
875 582 1016 649 Platonis
1038 582 1245 669 disputatione

225 684 258 750 in
276 686 445 772 Protagora
459 705 492 774 p.
508 691 582 755 206.
597 689 641 753 G.
658 702 691 753 et
705 688 768 774 seq.
782 702 817 753 et
834 687 944 752 multis
957 687 1113 772 deinceps
1125 706 1242 753 inemo·

224 797 328 850 ratum
346 791 530 854 memoratis
549 812 569 854 a
589 789 782 855 Ruhnkenio
796 789 898 854 nostro
912 779 950 852 in⁸
961 786 1156 853 Adversariis
1174 787 1240 852 Mt.

225 885 266 950 ad
286 887 477 953 Scholiasten
495 891 651 955 Platonis:
675 912 747 975 quae
761 911 847 954 nunc
861 888 891 954 ei
906 888 1026 954 intesta
1038 886 1238 953 servabimus

223 986 339 1072 partim
360 1001 469 1055 notata
488 991 642 1077 Menagio
664 990 704 1054 ad
717 991 818 1076 Diog.
834 993 941 1055 hert.
957 991 985 1054 1.
996 991 1052 1073 76.
1085 990 1236 1055 &mm

223 1089 359 1154 caussam
372 1115 468 1177 quare
483 1093 545 1158 hoc
565 1092 686 1157 ditium
710 1093 849 1159 Pittacus
870 1090 1142 1177 pronunciaverit,
1154 1090 1233 1177 figni-

223 1189 349 1255 ficatam
378 1213 398 1256 a
426 1194 595 1260 Plutarcho
622 1194 700 1281 qaod
726 1195 750 1258 is
778 1194 963 1280 &renuidem
993 1206 1125 1280 gereret,
1150 1193 1233 1258 etiam

221 1294 361 1380 produnt
376 1297 536 1362 Zenobius
553 1299 696 1362 Proverb.
711 1298 770 1361 Vl.
786 1296 840 1382 38.
859 1309 893 1360 et
905 1295 1094 1361 scholiastes
1110 1293 1234 1361 Platonis

220 1416 252 1479 p.
273 1415 323 1477 14.
338 1412 377 1461 ex
390 1398 499 1463 iisdem
515 1399 656 1463 fontibus
669 1397 830 1463 hauriens.
865 1397 917 1462 De
931 1396 1064 1484 gemino
1080 1395 1232 1463 Proserbio

222 1499 345 1561 Χαλεπὸ
357 1503 396 1561 rol
408 1504 486 1564 καλὰ
501 1499 637 1564 diximus
652 1499 693 1564 ed
706 1518 738 1585 p.
751 1501 783 1563 6.
799 1498 839 1563 C.

268 1614 339 1683 147·
357 1601 397 1666 C·
426 1601 588 1689 Πεςίανδρος
608 1600 629 1664 δ’
651 1601 791 1684 issaar-J
822 1602 859 1665 In
883 1598 1063 1664 excusanda
1088 1595 1232 1665 Periandri

222 1701 389 1786 tyrannide
411 1703 597 1768 Plutarchus
617 1701 749 1768 discedit
766 1703 806 1767 ab
821 1700 972 1787 opinione
986 1701 1165 1788 antiquitus
1178 1715 1230 1764 tra·

221 1800 300 1879 dita,
316 1802 488 1868 secundum
503 1825 598 1890 quarn
621 1801 789 1868 Periander
809 1802 841 1865 in
863 1800 1031 1886 tyrannide
1053 1818 1119 1866 non
1138 1800 1229 1867 mitior

220 1901 273 1968 sed
292 1903 444 1970 immitior
456 1906 559 1971 faetus
578 1906 639 1970 est:
663 1925 854 1991 quamquam
874 1903 1115 1971 Democratiam
1136 1902 1230 1970 lauht

219 2022 273 2090 ap.
288 2005 470 2094 Diogenem
484 2009 591 2073 Laert.
607 2009 635 2072 1.
649 2019 701 2092 97.
720 2019 754 2071 et
774 2006 839 2091 ipse
859 2005 1054 2091 ceteroquin
1068 2027 1134 2071 non
1148 2004 1227 2071 indo·

220 2105 291 2171 tius
303 2106 412 2187 fuerit,
432 2121 467 2174 et
488 2108 598 2174 doeos
617 2108 762 2174 homines
775 2106 911 2171 libenter
924 2104 1011 2192 apud
1031 2107 1063 2172 sc
1083 2104 1228 2172 habuerit.

220 2207 382 2274 Pertinent
401 2208 443 2273 ad
463 2209 550 2273 istam
569 2207 638 2295 ejus
657 2208 698 2273 ad
716 2208 837 2295 pejores
858 2224 961 2271 mores
982 2206 1228 2273 immutationem

218 2320 328 2370 notata
347 2309 447 2373 nostra
461 2309 502 2374 ad
517 2331 550 2395 p.
568 2311 640 2390 146.
656 2310 688 2373 D
702 2332 710 2371 t
734 2308 812 2373 item
828 2308 1013 2374 Herodotus
1027 2309 1071 2373 V.
1083 2327 1138 2395 90.
1174 2310 1225 2373 Zr-

218 2407 305 2473 nobii
319 2411 380 2474 Vl.
395 2411 449 2493 38.
478 2408 666 2475 scholiastes
688 2409 826 2487 Plutonia
847 2409 871 2474 1.
885 2427 920 2475 c:
943 2407 1029 2475 illius
1050 2410 1226 2496 compilator

217 2508 398 2595 Apostolius
415 2512 488 2576 XX.
502 2527 556 2595 47.

261 2626 333 2695 147.
349 2610 388 2676 C.
409 2610 481 2700 ἅχςι
493 2639 529 2698 γε
543 2613 600 2699 νῦν]
626 2613 724 2701 Quod
744 2610 901 2678 voluimus
921 2637 957 2696 γι
978 2632 1039 2698 pro
1058 2633 1103 2693 rr,
1124 2611 1224 2678 conir-

216 2728 285 2780 mat
299 2715 390 2781 Harl.
408 2735 438 2780 1.

262 2834 333 2901 147.
351 2817 391 2882 C.
414 2817 599 2905 Θρασύέελος
621 2822 695 2905 αὐτῷ
716 2817 841 2892 καλέσας
860 2823 914 2880 τῶν
934 2811 1228 2903 ἄκρων-ὕψη]

215 2920 258 2983 Et
272 2917 366 2982 hoca
381 2919 490 2984 multis
510 2919 726 2998 decantatum,
745 2919 872 2983 audiore
895 2916 1063 2983 Herodoto
1077 2919 1121 2984 V.
1136 2936 1185 3004 91.
1201 2919 1228 2978 ό.

213 3017 271 3083 ubi
285 3018 402 3082 multas
417 3019 551 3085 aliorum
568 3018 665 3104 hujus
683 3019 727 3083 rei
748 3018 926 3083 mentiones
947 3031 1063 3083 notant
1080 3015 1231 3085 duumviri

213 3115 439 3204 Weilelingius
461 3131 494 3184 et
510 3118 750 3184 Valckenarius.
787 3120 898 3183 Fertur
912 3119 952 3183 de
968 3118 1031 3183 hoc
1046 3131 1231 3206 argumento

95 3286 112 3293 ,
213 3216 350 3303 Epistola
362 3218 549 3305 Thrasybuli
568 3217 608 3281 ad
624 3216 826 3282 Periandrum
840 3219 927 3304 apud
941 3219 1124 3305 Diogenem
1140 3223 1232 3286 laer·

213 3319 295 3382 tium
319 3319 346 3381 Ι.
371 3338 442 3382 100.
463 3318 518 3382 ubi
541 3316 690 3404 pleraque
712 3321 865 3384 Veterum
888 3320 1064 3385 testimonia
1089 3320 1232 3386 eamdem

212 3439 278 3484 rem
305 3419 509 3484 referentium
535 3418 755 3504 congesserunt
777 3420 1037 3485 Aldobrandinus
1061 3410 1232 3491 0111101111-

211 3519 295 3606 giua.
332 3519 523 3605 Exemplum
545 3519 668 3584 secutus
690 3520 749 3586 else
772 3522 871 3587 fertur
891 3539 945 3586 rex
964 3523 1157 3607 Tarquinius
1173 3524 1234 3589 81·

212 3621 328 3708 perbus
342 3619 407 3687 filie
420 3621 516 3686 Serto
529 3620 662 3685 suadens
675 3647 683 3686 2
706 3635 792 3687 certe
806 3622 850 3687 ita
863 3622 971 3709 prodit
983 3623 1092 3688 Livius
1108 3626 1136 3689 Ι.
1149 3640 1203 3710 54

257 3739 328 3808 147.
342 3722 381 3786 C.
402 3728 527 3808 γεωργοῦ
542 3724 600 3807 γὰρ
613 3722 760 3810 &apidani
775 3723 938 3810 ipsi-iarn]
962 3723 1128 3810 Agricoloe
1143 3745 1235 3793 oom-

151 3874 161 3899 ,
211 3823 409 3908 parationem
431 3820 573 3885 triticum
594 3833 628 3884 et
649 3818 806 3886 hordeum
821 3819 1014 3908 negligentis
1034 3837 1165 3910 poterat
1184 3825 1237 3891 in·

211 3923 287 3989 duci
307 3921 511 4010 probabiliter
526 3941 566 3986 ex
579 3922 789 3987 antecedente
808 3923 955 4008 exemplo
967 3923 1160 4012 'l'hrasybuli
1173 3927 1235 4014 spi·

210 4045 264 4088 cas
285 4026 465 4091 culmorum
482 4022 619 4110 dejicere
633 4023 796 4111 jubentis:
822 4039 855 4088 at
879 4024 1017 4110 agricola
1037 4026 1112 4092 loco
1137 4028 1239 4096 tritici

210 4138 245 4188 et
259 4125 369 4192 hordei
386 4126 518 4192 locustas
532 4140 565 4190 et
581 4124 717 4189 aviculas
738 4147 756 4188 e
778 4125 883 4212 segete
897 4125 1062 4211 colligens,
1078 4151 1145 4193 non
1161 4132 1237 4196 satis
1269 4141 1272 4145 ’

86 4274 92 4288 .
116 4237 118 4239 ’
209 4241 353 4313 apparet,
367 4246 464 4316 quem
478 4227 594 4295 habeat
610 4225 673 4292 hoc
690 4225 763 4292 1000
777 4227 1045 4312 probabilitatem.
1080 4231 1136 4297 An
1159 4232 1236 4321 quia
