2700 4928
244 339 447 403 trornrrr.
462 340 684 403 meorum.
704 341 922 419 parsu-c.
1024 328 1099 411 117t

62 512 108 567 'ox
127 501 279 569 Larcheri
299 505 436 588 calculo,
458 504 522 572 suit
543 507 676 595 Olymp.
696 505 818 571 LXVI.
834 525 865 571 2.
880 505 978 591 usque
993 502 1034 568 ad
1048 503 1097 571 0-

58 604 169 693 lymp.
185 609 325 672 LXXII.
340 629 374 691 4.

110 725 185 793 223.
199 709 243 773 A.
265 707 320 795 α’.]
348 712 446 775 Hune
464 711 573 775 locum
587 709 746 797 descripsit
760 706 907 774 AElianus
920 709 998 772 Var.
1014 704 1096 769 Hist.

61 807 165 874 XIII.
184 829 222 897 19
237 836 246 874 ι
272 811 396 897 Ἔλεγεν
416 817 430 875 ὅ
451 812 606 896 Κλεομένης
619 816 785 885 Λακωνικῶς
800 814 876 873 κατὰ
893 811 939 872 τὸν
952 808 1098 896 ἐπιχώριον

60 907 176 995 τρόπον,
188 914 235 975 τὸν
249 910 375 1000 ’Όμηρον
388 915 609 998 Λακεδαιμονῖων
625 913 689 993 altas
703 917 823 991 ποιητὴν,
841 913 876 986 ὥς
894 914 953 997 χρὴ
971 915 1098 992 πολεμεῖν

60 1011 190 1097 liparia·
211 1015 258 1079 rit
271 1016 299 1078 δὲ
311 1014 440 1080 Ἡσίοδον
454 1025 508 1080 τῶν
523 1017 666 1093 Εἱλώτων,
680 1014 800 1099 λέγοντα
814 1015 849 1087 ὥς
860 1015 918 1099 χρὴ
931 1014 1076 1097 γεωργῶ.

69 1160 72 1167 ·
109 1133 184 1199 223.
199 1116 242 1179 A.
265 1117 304 1195 β’.
319 1119 375 1204 γ’.]
402 1117 493 1182 Idem
508 1117 627 1183 fadum
643 1118 705 1183 stne
719 1116 856 1181 tutioris
873 1113 1004 1178 nomine
1023 1134 1098 1177 nar-

61 1227 157 1279 ratur
178 1237 198 1280 a
219 1217 377 1283 Cicerone
398 1219 613 1284 offic.1.10:
643 1219 707 1305 Quo
724 1218 757 1281 in
776 1241 883 1304 genere
904 1216 993 1279 etiam
1013 1214 1045 1277 in
1066 1238 1100 1278 rr

60 1312 188 1404 publica
204 1318 300 1382 multa
320 1332 501 1407 peccantur:
523 1331 558 1383 ut
579 1320 640 1397 ille,
663 1319 728 1406 qni,
751 1343 816 1383 cum
837 1318 966 1404 triginta
985 1316 1099 1379 dierum

59 1420 153 1505 afflat
174 1420 277 1506 safflae
300 1445 364 1485 tum
391 1419 464 1506 Iuste
486 1421 627 1500 inducia,
649 1427 736 1483 noctu
759 1418 964 1506 populabatur
985 1439 1075 1502 agros
1087 1443 1099 1493 5

60 1522 148 1609 quod
159 1522 274 1586 dierum
291 1525 378 1609 astent
394 1532 504 1610 pattae,
520 1548 578 1586 non
592 1521 730 1601 nullium,
746 1520 886 1584 inducia.
920 1518 1031 1582 Simile
1046 1540 1098 1582 re-

62 1623 130 1688 fert
146 1625 307 1690 Zonobius
323 1626 468 1691 Proverb.
486 1627 544 1689 IV.
553 1642 607 1710 37.
631 1623 799 1710 Polyaenus
814 1623 859 1685 II.
870 1640 925 1707 43.
938 1633 972 1684 et
984 1620 1100 1684 Strabo

64 1725 131 1791 lx.
147 1748 180 1813 p.
191 1728 267 1792 616.
280 1728 321 1792 B.
337 1727 500 1792 audorem
516 1727 650 1791 laudant
665 1725 844 1811 Ephorum.

112 1849 186 1916 223.
201 1832 239 1895 Β.
261 1829 322 1916 γ’.]
355 1833 407 1896 De
430 1832 493 1895 hoc
517 1844 678 1918 praecepto
700 1829 884 1893 monuimus
907 1848 941 1915 p.
962 1827 1035 1895 218.
1054 1826 1099 1891 A.

64 1930 224 1996 Notanda
237 1955 366 2019 quoque
381 1931 552 2019 Euripiden
566 1931 680 1996 didio:
697 1954 727 1993 v.
739 1953 768 1994 c.
785 1929 919 1994 Electra
931 1930 1010 2013 583:
1034 1927 1099 1990 Πέ-

62 2039 154 2098 ῐοιθα
167 2035 200 2114 δ’,
213 2033 229 2111 ἢ
240 2039 299 2122 χρὴ
313 2035 411 2117 μηκέθ’
424 2039 543 2119 ἡγεῖθαᾼ
556 2031 633 2111 διεὶς,
644 2037 680 2095 El
695 2031 783 2097 τᾶδικ’
798 2031 856 2109 Isou
869 2037 916 2107 τῆς
930 2031 1003 2107 δίκης
1015 2029 1099 2118 riulp-

63 2138 148 2223 πςῖα.
183 2137 371 2225 Hypsipylae
391 2160 443 2223 ap.
467 2139 559 2203 Stob.
583 2137 689 2203 Floril.
710 2140 754 2202 X.
780 2158 815 2223 p.
833 2153 912 2220 127:
939 2139 1046 2210 Κακοῖς
1067 2135 1100 2198 rl

59 2238 159 2327 κέρδος
172 2245 219 2315 τῆς
232 2240 305 2317 δίκης
320 2241 472 2327 ὑπέρτερον.

111 2357 186 2424 223.
201 2341 240 2405 Β.
266 2340 316 2426 ist]
351 2342 406 2404 Ab
426 2341 505 2405 urbe
528 2340 620 2428 Argo
643 2339 799 2428 capsenda
817 2361 893 2404 eum
914 2339 1101 2424 repulerunt

62 2440 220 2507 mulieres
233 2443 374 2528 Argivae,
397 2442 479 2507 duce
497 2442 640 2507 Telesilla
653 2442 787 2530 poetria,
810 2455 847 2506 ut
870 2441 1035 2506 Pausanias
1055 2442 1101 2507 11.

65 2563 122 2610 2ο.
137 2557 171 2608 et
186 2544 376 2610 Plutarchus
390 2559 496 2610 narrat
512 2548 563 2610 De
576 2547 662 2610 Virt.
681 2547 814 2614 Mulier.
831 2568 864 2633 p.
881 2562 954 2631 245.
969 2546 1024 2612 D:
1048 2546 1100 2609 in-

65 2646 173 2733 deque
191 2646 328 2711 breviter
341 2647 438 2712 refert
458 2647 627 2734 Polyaenus
641 2649 737 2712 VIII.
752 2668 808 2734 33.
842 2649 975 2725 Insania,
991 2671 1054 2734 qua
1070 2649 1103 2712 so

65 2744 134 2832 ipse
156 2745 317 2826 laceravit,
339 2763 536 2811 memoratur
554 2749 595 2811 ab
611 2747 781 2812 Herodoto
794 2749 854 2812 VI.
871 2764 922 2831 75.
940 2748 1000 2827 84:
1026 2747 1102 2812 hine

30 2917 34 2925 ,
65 2849 230 2914 Athenaeo
245 2850 289 2913 X.
311 2871 344 2935 p.
359 2865 436 2931 427.
453 2849 503 2912 C:
526 2849 656 2913 AEliano
678 2851 754 2912 Var.
778 2848 858 2912 Hist.
876 2851 921 2912 II.
935 2867 974 2929 41
991 2873 1000 2911 t
1023 2848 1102 2912 Ari·

65 2949 161 3016 stiden
179 2953 218 3015 T.
239 2952 265 3015 I.
288 2972 321 3036 p.
336 2955 421 3035 567:
445 2951 602 3014 Meursrus
623 2952 675 3014 De
697 2953 801 3036 Regu.
825 2949 943 3014 Laced.
963 2952 1041 3014 XII.
1065 2971 1100 3035 p.

67 3069 122 3138 75.
161 3053 221 3116 Pro
242 3053 417 3126 καθελούσας
439 3051 532 3116 Harl.
551 3065 584 3116 et
605 3053 723 3115 Venet.
742 3051 819 3115 dant
835 3053 1045 3127 καθελκούσαςε
1068 3064 1104 3116 at

65 3157 235 3242 vulgatum
257 3154 503 3240 praeferendum,
530 3168 568 3219 ut
590 3155 776 3240 usurpatum
799 3153 840 3218 de
864 3155 959 3219 rebus
980 3154 1013 3219 in
1036 3156 1103 3220 alto

67 3258 219 3343 suspensa
234 3256 309 3321 inde
324 3256 490 3321 demendis
505 3279 543 3321 ac
557 3257 777 3322 detrahendist
801 3257 898 3321 veluti
914 3259 1104 3322 Plutarchus
1210 3298 1217 3308 ·

66 3359 217 3427 adhibuit
231 3355 318 3444 Opp.
332 3361 419 3422 Mor.
435 3381 468 3444 p.
484 3375 558 3444 734.
572 3362 606 3423 F.
635 3359 704 3423 Vit.
721 3378 795 3443 295.
813 3362 847 3424 F.
878 3360 1030 3424 solebant
1044 3382 1103 3424 au·

66 3476 138 3530 tem
157 3484 246 3527 arma
266 3463 299 3526 in
319 3461 448 3546 templis
471 3460 626 3546 suspendi,
650 3459 724 3524 inde
746 3461 822 3525 belli
846 3461 1024 3525 necessitate
1045 3484 1103 3526 co·

66 3577 169 3652 gente
191 3562 337 3648 depromi
358 3563 479 3628 civibus
501 3561 678 3626 armandiat
703 3583 800 3648 quem
822 3553 948 3626 rnorem'
964 3577 1103 3626 annota-

66 3678 146 3731 runt
167 3664 210 3731 ad
231 3664 361 3729 Florum
386 3665 430 3727 II.
454 3667 486 3727 6.
511 3681 562 3748 23.
591 3663 771 3742 Salmasius,
798 3663 964 3742 Dukerus,
986 3662 1105 3749 quibus

67 3768 301 3834 Freinshemius
323 3766 445 3832 addidit
467 3766 556 3830 hunc
585 3766 746 3830 Plutarchi
770 3767 878 3830 Iocum
903 3780 936 3830 et
962 3789 1020 3830 nos
1044 3766 1104 3831 ad·

61 3869 239 3961 jungimur
266 3868 403 3933 Piersoni
427 3867 729 3935 animadversionem
752 3866 793 3931 ad
820 3867 940 3932 Moerin
965 3868 1104 3932 Atticist.

96 3975 161 4039 .26
187 4019 195 4037 .

67 3994 92 4060 p
115 3988 190 4157 223⁵.
206 4071 248 4137 C.
274 4070 320 4156 t'.]
354 4069 492 4134 Codioes
512 4067 633 4154 aliquid
654 4068 803 4134 adferunt
823 4068 1033 4133 concinnitati
1055 4070 1105 4135 di-

71 4172 210 4239 dionie:
234 4171 335 4237 veluti
356 4174 474 4237 Venet.
496 4185 530 4237 et
550 4170 643 4237 Harl.
665 4175 713 4249 τὴν
731 4169 867 4257 Ἀργείων
887 4170 994 4236 oltra:
1017 4171 1105 4237 Voss.

70 4277 112 4345 T.
127 4276 164 4342 P.
177 4276 210 4340 ri
225 4274 389 4362 5poirtupa:
414 4298 490 4341 mox
503 4276 621 4341 Venet.
642 4287 675 4339 et
687 4272 788 4339 Harl.
807 4272 977 4360 προσελθὼν
994 4281 1028 4362 τῇ
1045 4274 1107 4338 σόη

537 4394 637 4462 4⁹4
