2700 4928
163 296 241 369 2096
349 298 389 357 D.
403 300 455 358 W.
474 299 680 358 ANIMADV.
701 299 749 357 IN
769 296 1011 358 eumaem

163 451 307 539 Τιμίδιος,
322 462 527 543 ἐπιδεικνυμένου
539 463 613 524 ποτὲ
626 466 682 535 τοῖς
694 460 849 537 Ἀθηναίοις
866 468 916 524 τοῦ
936 460 1072 545 Χάρητος
1083 454 1190 531 &falsie

164 581 238 630 τινας
252 562 278 620 ἐν
291 563 331 643 τῷ
344 561 453 641 σώματι
468 560 513 636 κα)
526 565 573 637 τὴν
592 561 697 624 danila
719 561 947 642 διακεκομμένην,
961 558 1049 644 Ἐγὼ
1060 561 1101 637 δὲ,
1111 557 1189 634 εἶτα.

164 656 228 719 λίαν
245 658 366 742 ᾐχῦνᾶην
383 659 423 723 ὅτι
441 688 483 743 μιι
502 671 712 747 πολιορκοῦντος
724 661 835 742 Σάμον,
848 662 937 745 ἐγγὺς
953 660 1038 723 ἔπεσε
1054 657 1185 737 βὲλῡςιᾶ

163 760 397 847 μειςακιαδέςεμον
418 768 528 848 ἐμαυτῷ
546 764 686 848 χρώμενος
711 763 821 840 heard
842 766 986 848 ςματηγόν
1004 761 1054 840 κα)
1075 760 1183 845 {1th

164 859 298 941 δυνάμεως
315 863 461 941 τοσαύτης.
497 864 685 928 Timotheus
708 866 838 928 Samum
858 862 948 949 cepit
962 864 1137 939 obfidione,
1149 861 1181 925 de

163 980 226 1043 qna
248 961 350 1048 magis
371 986 411 1027 ex
434 964 503 1028 aliis
524 984 620 1049 quam
643 965 806 1042 historicis,
832 987 892 1028 nec
914 980 1028 1029 tamen
1055 978 1177 1049 tempus,

162 1061 293 1126 constat.
330 1065 532 1130 Mentionem
548 1067 662 1131 ladam
680 1066 851 1151 reperimus
866 1089 886 1129 a
901 1065 1121 1131 Demosthene
1132 1064 1175 1129 01.

163 1164 215 1227 De
236 1165 340 1230 Rhod.
358 1166 479 1231 Libert.
506 1189 538 1252 p.
558 1188 628 1248 144.
644 1170 682 1231 Ε.
704 1169 768 1252 seq.
800 1167 971 1231 Aristotele
999 1168 1121 1231 OEcon.
1142 1166 1175 1228 ΙΙ.

163 1278 216 1348 13.
253 1263 402 1350 Polyaeno
425 1267 486 1329 Ill.
512 1287 609 1353 10.9.
627 1287 678 1331 10.
712 1265 1029 1330 Pseudo-Plutarcho
1051 1268 1103 1331 De
1122 1265 1173 1327 Vrt

163 1369 206 1444 X.
225 1368 353 1432 Orator.
375 1366 407 1431 in
430 1367 566 1431 Isocrate
588 1390 620 1452 p.
641 1369 714 1452 837.
731 1368 778 1430 C:
803 1367 903 1430 Corn.
926 1368 1063 1453 Nepote
1085 1367 1116 1429 in
1130 1365 1172 1430 li-

162 1468 295 1532 motheo
317 1471 345 1533 Ι.
364 1489 394 1534 2.
409 1489 442 1555 3.
465 1469 519 1533 ubi
535 1468 590 1554 qui
608 1483 803 1532 memoratur
823 1467 1055 1531 Ariobarzanes
1074 1467 1125 1531 ille
1140 1465 1172 1530 est

162 1569 249 1637 cuia
264 1571 424 1635 Persarum
440 1594 514 1656 rege
529 1570 698 1649 deficienti,
712 1568 902 1634 Timotheus
920 1591 1021 1653 opem
1040 1569 1115 1634 tulit
1130 1589 1174 1653 per

162 1692 296 1755 eamque
310 1670 501 1734 occasionem
518 1674 648 1734 Samum
667 1692 687 1732 a
707 1668 824 1732 Perfice
839 1667 982 1753 praefidio
997 1682 1171 1754 occupatam

162 1771 366 1858 expugnavit.
411 1770 527 1835 Incidit
554 1770 652 1856 igitur
679 1783 806 1854 tempus
834 1769 961 1833 circiter
990 1770 1025 1834 in
1054 1771 1170 1856 Olymp

161 1872 250 1937 CIV.
265 1892 307 1956 33
331 1886 368 1937 ut
389 1873 551 1960 colligitur
570 1895 609 1937 ex
630 1873 866 1957 comparatione
881 1873 1101 1938 narrationum
1116 1875 1172 1938 De·

160 1974 331 2039 'mosthenis
344 1974 367 2038 l.
381 1996 410 2038 c.
426 1989 460 2039 et
473 1974 608 2039 Diodori
622 1976 686 2038 Sic.
702 1976 775 2038 XV.
790 1995 842 2058 90.

205 2056 276 2156 i87.
291 2074 333 2136 C.
354 2072 411 2159 72]
439 2074 624 2141 Plutarchus
645 2076 695 2138 De
710 2077 788 2161 Rep.
805 2074 880 2139 Seni
895 2078 972 2140 Ger.
992 2099 1027 2162 p.
1042 2076 1114 2159 788.
1127 2074 1171 2138 D:

158 2179 183 2235 el
196 2175 301 2258 ρἦορες
313 2177 443 2261 Ἀθήνῃσι
457 2176 584 2261 Τιμοθέῳ
602 2175 648 2254 καὶ
663 2177 808 2261 Ἰφικράτει
827 2177 947 2264 Χάρητα
963 2179 1011 2240 τὸν
1032 2177 1172 2264 Θοοχᾶμις

159 2276 347 2351 ἰταποδύοντες
369 2279 531 2359 ἀκμάζοντα
550 2286 590 2362 τῷ
610 2279 721 2359 σώματι
742 2278 789 2357 κα)
809 2280 962 2365 ριομᾶλιον,
984 2279 1063 2358 dilen
1078 2286 1173 2343 τοιΐιτοο

158 2374 222 2454 εἶναι
235 2379 281 2439 τὸν
293 2387 346 2440 τῶν
360 2380 511 2454 Ἀθηναίων
529 2381 676 2464 ςματηγᾶν·
701 2387 713 2444 ὀ
728 2384 754 2443 δὲ
768 2382 912 2460 Τιμόθεος,
927 2385 972 2444 Οὐ
985 2388 1030 2463 μοὶ
1042 2381 1092 2456 τὸς
1104 2379 1171 2458 derit,

158 2477 239 2556 οἶτον,
261 2482 340 2541 ἀλλὰ
360 2482 466 2543 τοιέτον
482 2482 533 2561 μὶν
550 2481 615 2559 εἶναι
632 2484 678 2545 τὸν
691 2482 831 2562 μέλλοντα
849 2489 890 2567 τῷ
911 2488 1046 2570 ςςατηγῷ
1058 2488 1095 2546 rol
1107 2481 1171 2570 ςςό-

157 2605 237 2661 ματα
251 2579 378 2661 κομίζειν·
401 2582 446 2643 τὸν
464 2582 490 2642 δὲ
513 2584 649 2667 ςματηγὸν
670 2584 731 2663 ἅμα
749 2583 849 2667 οτρόσοο
864 2582 910 2661 καὶ
924 2584 1011 2646 dalea
1029 2592 1083 2646 τῶν
1098 2609 1171 2668 arpa·

157 2682 275 2765 ‘ypa‘rrwv
295 2688 408 2767 ὁρῶντα,
425 2681 470 2759 κα)
483 2685 571 2764 μηδενὶ
585 2684 675 2746 arci-Ser
688 2685 749 2757 τοὺς
766 2685 832 2769 arpi
853 2694 906 2747 τῶν
926 2686 1114 2772 συμφερόντων
1126 2699 1170 2747 λο-

156 2785 274 2864 γισμοὺς
296 2782 545 2868 ἐπιταραττόμενον’
576 2806 646 2868 quae
669 2783 743 2847 hinc
770 2784 871 2847 sumta
898 2784 1009 2849 retulit
1037 2787 1171 2850 Stoboeue

158 2887 183 2948 F
184 2885 265 2949 loril.
287 2885 352 2949 Tit.
367 2886 441 2950 Lll.
461 2908 494 2971 p.
509 2888 583 2971 365.
611 2886 765 2971 postrema
790 2900 895 2950 tamen
920 2899 1024 2972 parte,
1047 2888 1119 2951 inde
1136 2886 1171 2949 ab

154 2984 240 3047 ὀπίσω
254 2986 372 3050 omissa.

201 3087 272 3168 187.
290 3086 331 3151 C.
359 3091 547 3152 ΧΑΒΡΙΟῬ.
571 3087 624 3171 α’.]
661 3087 775 3152 Sumsrt
799 3086 874 3151 hinc
899 3090 1047 3154 Stohaeus
1073 3085 1170 3154 Floril.

155 3186 219 3252 Tit.
236 3186 308 3250 Lll.
333 3206 366 3270 p.
381 3188 464 3270 366:
496 3185 622 3271 Χαὸρίας
645 3188 725 3271 ἔλεγε
739 3188 865 3261 κάλλιςα
884 3197 1030 3274 ςματηγεῑν
1047 3193 1107 3264 τοὺς
1118 3189 1168 3272 μέ·

155 3305 223 3362 λιςα
237 3289 422 3373 γινώσκοντας
435 3294 472 3352 τοὶ
486 3298 539 3353 τῶν
552 3289 707 3371 πολεμίων.

202 3393 273 3474 187.
288 3390 332 3453 D.
355 3388 408 3476 8.]
436 3390 606 3454 Chabriam
628 3392 742 3476 capitis
762 3393 945 3456 accusatum
960 3393 993 3457 iu
1014 3395 1114 3458 causs'a
1127 3393 1168 3458 O·

157 3493 239 3579 ropi,
262 3491 398 3578 legimus
421 3490 454 3553 in
476 3492 699 3556 Demosthenis
717 3493 861 3556 Midiana
882 3515 915 3577 p.
933 3496 1008 3578 613.
1024 3497 1078 3560 D:
1106 3515 1167 3581 que

157 3591 260 3656 causs'a
272 3591 383 3654 eadem
399 3589 485 3653 fuifl'e
497 3590 620 3655 videtur
634 3591 697 3669 illa,
714 3592 744 3654 in
761 3614 822 3677 qua
838 3593 1052 3659 Callistratum
1068 3595 1169 3659 dicen·

157 3709 221 3758 tem
238 3690 356 3756 audivit
372 3714 450 3777 puer
463 3693 706 3757 Demosthenes:
730 3709 766 3756 ut
781 3694 870 3757 sensrt
885 3696 1043 3760 Bartonus
1058 3698 1090 3761 in
1104 3699 1167 3760 No-

156 3793 196 3856 tis
218 3791 258 3855 ad
282 3790 440 3856 Plutarchi
462 3792 571 3855 Vitam
592 3792 812 3856 Demosthenis
834 3815 865 3877 p.
884 3795 955 3856 182.
979 3809 1013 3859 et
1031 3795 1168 3882 Spaldin-

153 3893 226 3978 gius
248 3893 280 3955 in
303 3891 447 3979 fingulari
469 3891 610 3954 editione
632 3892 792 3956 Orationis
814 3892 897 3955 illius
922 3895 1168 3961 Demosthenicae

72 4056 75 4063 ,
155 4016 188 4076 ρ.
203 4013 256 4075 34.
280 3993 475 4056 dissentiente
489 3992 636 4078 Tayloro.
672 3996 720 4057 At
736 3993 874 4079 ejusdem
892 3995 1036 4062 criminis
1058 3997 1168 4063 socium

156 4093 304 4157 Chabriae
328 4095 414 4158 inille
439 4093 641 4178 Iphicraten,
662 4092 767 4178 legere
790 4116 848 4158 nos
871 4117 935 4158 non
959 4100 1167 4164 meminimus.

154 4193 261 4282 potuit
276 4195 372 4258 etiam
397 4195 517 4259 fierint
538 4193 591 4260 hic
612 4194 702 4260 locus
723 4217 886 4282 perperam
906 4219 946 4261 ex
965 4202 1166 4268 antecedente

329 4486 491 4552 A
