<?xml version="1.0" encoding="UTF-8"?>
<!DOCTYPE html PUBLIC "-//W3C//DTD XHTML 1.0 Transitional//EN"
    "http://www.w3.org/TR/xhtml1/DTD/xhtml1-transitional.dtd">
<html xmlns="http://www.w3.org/1999/xhtml" xml:lang="en" lang="en">
 <head>
  <title>
</title>
<meta http-equiv="Content-Type" content="text/html;charset=utf-8" />
  <meta name='ocr-system' content='tesseract 3.04.00' />
  <meta name='ocr-capabilities' content='ocr_page ocr_carea ocr_par ocr_line ocrx_word'/>
</head>
<body>
  <div class='ocr_page' id='page_1' title='image "./plutarchichaero28plutgoog_0051.png"; bbox 0 0 2700 4928; ppageno 0'>
   <div class='ocr_carea' id='block_1_1' title="bbox 274 347 1161 413">
    <p class='ocr_par' dir='ltr' id='par_1_1' title="bbox 274 347 1161 413">
     <span class='ocr_line' id='line_1_1' title="bbox 274 347 1161 413; baseline 0 -6"><span class='ocrx_word' id='word_1_1' title='bbox 274 347 334 407; x_wconf 82' lang='lat'>612</span> <span class='ocrx_word' id='word_1_2' title='bbox 426 347 750 413; x_wconf 84' lang='lat' dir='ltr'>D.·W.AN1MADV.</span> <span class='ocrx_word' id='word_1_3' title='bbox 771 350 819 411; x_wconf 90' lang='lat' dir='ltr'>IN</span> <span class='ocrx_word' id='word_1_4' title='bbox 838 348 1068 411; x_wconf 73' lang='lat' dir='ltr'>rtursncm</span> <span class='ocrx_word' id='word_1_5' title='bbox 1086 348 1161 409; x_wconf 85' lang='lat' dir='ltr'>LlB.</span> 
     </span>
    </p>
   </div>
   <div class='ocr_carea' id='block_1_2' title="bbox 273 509 1306 1001">
    <p class='ocr_par' dir='ltr' id='par_1_2' title="bbox 273 509 1306 1001">
     <span class='ocr_line' id='line_1_2' title="bbox 274 509 1305 598; baseline 0.006 -25"><span class='ocrx_word' id='word_1_6' title='bbox 274 509 461 594; x_wconf 73' lang='grc' dir='ltr'><strong>προσάγοντα</strong></span> <span class='ocrx_word' id='word_1_7' title='bbox 473 537 502 574; x_wconf 81' lang='lat' dir='ltr'>r.</span> <span class='ocrx_word' id='word_1_8' title='bbox 512 538 551 597; x_wconf 95' lang='grc' dir='ltr'><strong>χ.</strong></span> <span class='ocrx_word' id='word_1_9' title='bbox 565 539 596 576; x_wconf 82' lang='lat' dir='ltr'>r.</span> <span class='ocrx_word' id='word_1_10' title='bbox 609 515 654 598; x_wconf 73' lang='grc'><strong>9.]</strong></span> <span class='ocrx_word' id='word_1_11' title='bbox 680 511 845 579; x_wconf 81' lang='lat' dir='ltr'>Sententia</span> <span class='ocrx_word' id='word_1_12' title='bbox 858 510 1020 598; x_wconf 77' lang='lat' dir='ltr'>Euripidis</span> <span class='ocrx_word' id='word_1_13' title='bbox 1034 509 1214 597; x_wconf 84' lang='lat' dir='ltr'>Hippolyto</span> <span class='ocrx_word' id='word_1_14' title='bbox 1229 523 1305 596; x_wconf 78' lang='lat'>253.</span> 
     </span>
     <span class='ocr_line' id='line_1_3' title="bbox 273 608 1306 698; baseline 0.001 -23"><span class='ocrx_word' id='word_1_15' title='bbox 273 608 315 675; x_wconf 90' lang='lat' dir='ltr'>de</span> <span class='ocrx_word' id='word_1_16' title='bbox 336 630 400 695; x_wconf 85' lang='lat' dir='ltr'>qus</span> <span class='ocrx_word' id='word_1_17' title='bbox 420 610 546 697; x_wconf 85' lang='lat' dir='ltr'>copiose</span> <span class='ocrx_word' id='word_1_18' title='bbox 567 610 709 678; x_wconf 81' lang='lat' dir='ltr'>differuit</span> <span class='ocrx_word' id='word_1_19' title='bbox 728 612 971 692; x_wconf 82' lang='lat' dir='ltr'>Valckenarius,</span> <span class='ocrx_word' id='word_1_20' title='bbox 993 626 1043 691; x_wconf 89' lang='lat' dir='ltr'>ut,</span> <span class='ocrx_word' id='word_1_21' title='bbox 1060 610 1149 698; x_wconf 92' lang='lat' dir='ltr'>quod</span> <span class='ocrx_word' id='word_1_22' title='bbox 1169 609 1306 676; x_wconf 82' lang='lat' dir='ltr'>addere·</span> 
     </span>
     <span class='ocr_line' id='line_1_4' title="bbox 275 711 1306 800; baseline 0.001 -21"><span class='ocrx_word' id='word_1_23' title='bbox 275 730 359 789; x_wconf 73' lang='lat' dir='ltr'>miss,</span> <span class='ocrx_word' id='word_1_24' title='bbox 386 711 477 777; x_wconf 90' lang='lat' dir='ltr'>nobis</span> <span class='ocrx_word' id='word_1_25' title='bbox 502 735 566 778; x_wconf 90' lang='lat' dir='ltr'>non</span> <span class='ocrx_word' id='word_1_26' title='bbox 591 713 763 800; x_wconf 85' lang='lat' dir='ltr'><strong>reliquerit.</strong></span> <span class='ocrx_word' id='word_1_27' title='bbox 801 714 990 780; x_wconf 73' lang='lat' dir='ltr'><strong>Plutarchus</strong></span> <span class='ocrx_word' id='word_1_28' title='bbox 1013 712 1147 800; x_wconf 83' lang='lat' dir='ltr'>subjecit</span> <span class='ocrx_word' id='word_1_29' title='bbox 1167 711 1210 777; x_wconf 92' lang='lat' dir='ltr'>de</span> <span class='ocrx_word' id='word_1_30' title='bbox 1236 713 1306 793; x_wconf 82' lang='lat' dir='ltr'>suo,</span> 
     </span>
     <span class='ocr_line' id='line_1_5' title="bbox 274 809 1306 900; baseline 0.004 -25"><span class='ocrx_word' id='word_1_31' title='bbox 274 809 544 897; x_wconf 62' lang='lat' dir='ltr'>interpretationis</span> <span class='ocrx_word' id='word_1_32' title='bbox 565 814 651 893; x_wconf 82' lang='lat' dir='ltr'>loco,</span> <span class='ocrx_word' id='word_1_33' title='bbox 667 814 761 879; x_wconf 81' lang='lat' dir='ltr'>aliam</span> <span class='ocrx_word' id='word_1_34' title='bbox 784 814 1069 900; x_wconf 83' lang='lat' dir='ltr'>comparationem,</span> <span class='ocrx_word' id='word_1_35' title='bbox 1085 826 1238 900; x_wconf 79' lang='lat' dir='ltr'>tamquam</span> <span class='ocrx_word' id='word_1_36' title='bbox 1250 837 1306 879; x_wconf 77' lang='lat' dir='ltr'>ru·</span> 
     </span>
     <span class='ocr_line' id='line_1_6' title="bbox 273 911 1306 1001; baseline 0.006 -27"><span class='ocrx_word' id='word_1_37' title='bbox 273 911 388 976; x_wconf 69' lang='lat' dir='ltr'>dentem</span> <span class='ocrx_word' id='word_1_38' title='bbox 401 912 563 992; x_wconf 83' lang='lat' dir='ltr'>nauticum,</span> <span class='ocrx_word' id='word_1_39' title='bbox 579 915 740 979; x_wconf 79' lang='lat' dir='ltr'>amicitiam</span> <span class='ocrx_word' id='word_1_40' title='bbox 753 913 895 979; x_wconf 76' lang='lat' dir='ltr'>relaxans</span> <span class='ocrx_word' id='word_1_41' title='bbox 908 915 1001 993; x_wconf 75' lang='lat' dir='ltr'>mdo,</span> <span class='ocrx_word' id='word_1_42' title='bbox 1012 914 1094 979; x_wconf 84' lang='lat' dir='ltr'>modo</span> <span class='ocrx_word' id='word_1_43' title='bbox 1107 911 1306 1001; x_wconf 69' lang='lat' dir='ltr'>adstringere.</span> 
     </span>
    </p>
   </div>
   <div class='ocr_carea' id='block_1_3' title="bbox 261 1013 1312 3932">
    <p class='ocr_par' dir='ltr' id='par_1_3' title="bbox 261 1013 1309 2413">
     <span class='ocr_line' id='line_1_7' title="bbox 275 1013 1305 1103; baseline 0.001 -25"><span class='ocrx_word' id='word_1_44' title='bbox 275 1013 396 1079; x_wconf 87' lang='lat' dir='ltr'>Eadem</span> <span class='ocrx_word' id='word_1_45' title='bbox 409 1015 484 1079; x_wconf 88' lang='lat' dir='ltr'>usus</span> <span class='ocrx_word' id='word_1_46' title='bbox 498 1015 542 1079; x_wconf 90' lang='lat' dir='ltr'>est</span> <span class='ocrx_word' id='word_1_47' title='bbox 561 1015 595 1080; x_wconf 93' lang='lat' dir='ltr'>in</span> <span class='ocrx_word' id='word_1_48' title='bbox 618 1015 709 1101; x_wconf 87' lang='lat' dir='ltr'>Reip.</span> <span class='ocrx_word' id='word_1_49' title='bbox 724 1019 802 1082; x_wconf 91' lang='lat' dir='ltr'>Ger.</span> <span class='ocrx_word' id='word_1_50' title='bbox 819 1018 917 1083; x_wconf 80' lang='lat' dir='ltr'>Praec.</span> <span class='ocrx_word' id='word_1_51' title='bbox 939 1039 973 1103; x_wconf 87' lang='lat' dir='ltr'>p.</span> <span class='ocrx_word' id='word_1_52' title='bbox 985 1017 1060 1082; x_wconf 88' lang='lat'>818.</span> <span class='ocrx_word' id='word_1_53' title='bbox 1073 1017 1122 1083; x_wconf 78' lang='lat' dir='ltr'>A:</span> <span class='ocrx_word' id='word_1_54' title='bbox 1144 1016 1305 1080; x_wconf 73' lang='grc' dir='ltr'><strong>πολιτικοί-</strong></span> 
     </span>
     <span class='ocr_line' id='line_1_8' title="bbox 274 1115 1309 1204; baseline 0.003 -26"><span class='ocrx_word' id='word_1_55' title='bbox 274 1116 486 1202; x_wconf 69' lang='grc' dir='ltr'><strong>πςον-μοκρὸν</strong></span> <span class='ocrx_word' id='word_1_56' title='bbox 503 1117 580 1190; x_wconf 71' lang='grc' dir='ltr'><strong>ποδὸς</strong></span> <span class='ocrx_word' id='word_1_57' title='bbox 598 1117 733 1201; x_wconf 57' lang='grc' dir='ltr'><strong>χαλάσω</strong></span> <span class='ocrx_word' id='word_1_58' title='bbox 751 1117 865 1204; x_wconf 72' lang='grc' dir='ltr'><strong>μογᾶλῃ</strong></span> <span class='ocrx_word' id='word_1_59' title='bbox 886 1117 1006 1200; x_wconf 76' lang='grc' dir='ltr'><strong>κύματος</strong></span> <span class='ocrx_word' id='word_1_60' title='bbox 1020 1121 1104 1202; x_wconf 68' lang='grc' dir='ltr'><strong>ἀλκῇ·</strong></span> <span class='ocrx_word' id='word_1_61' title='bbox 1129 1115 1252 1181; x_wconf 72' lang='lat' dir='ltr'>civilius</span> <span class='ocrx_word' id='word_1_62' title='bbox 1268 1115 1309 1202; x_wconf 83' lang='lat' dir='ltr'>est</span> 
     </span>
     <span class='ocr_line' id='line_1_9' title="bbox 271 1214 1309 1305; baseline 0.006 -26"><span class='ocrx_word' id='word_1_63' title='bbox 271 1214 432 1303; x_wconf 77' lang='lat' dir='ltr'>paululum</span> <span class='ocrx_word' id='word_1_64' title='bbox 451 1216 584 1280; x_wconf 79' lang='lat' dir='ltr'>rudentis</span> <span class='ocrx_word' id='word_1_65' title='bbox 605 1216 711 1282; x_wconf 77' lang='lat' dir='ltr'>laxare</span> <span class='ocrx_word' id='word_1_66' title='bbox 729 1242 844 1304; x_wconf 71' lang='lat' dir='ltr'>magna</span> <span class='ocrx_word' id='word_1_67' title='bbox 865 1218 898 1282; x_wconf 80' lang='lat' dir='ltr'>r&#39;rs</span> <span class='ocrx_word' id='word_1_68' title='bbox 910 1218 1063 1305; x_wconf 63' lang='lat' dir='ltr'>flaccinum</span> <span class='ocrx_word' id='word_1_69' title='bbox 1073 1216 1214 1304; x_wconf 71' lang='lat' dir='ltr'>sevitia.</span> <span class='ocrx_word' id='word_1_70' title='bbox 1254 1219 1309 1285; x_wconf 79' lang='lat' dir='ltr'>Est</span> 
     </span>
     <span class='ocr_line' id='line_1_10' title="bbox 276 1316 1308 1406; baseline 0.005 -25"><span class='ocrx_word' id='word_1_71' title='bbox 276 1329 385 1382; x_wconf 83' lang='lat' dir='ltr'>autem</span> <span class='ocrx_word' id='word_1_72' title='bbox 397 1325 469 1391; x_wconf 68' lang='lat' dir='ltr'>orsis</span> <span class='ocrx_word' id='word_1_73' title='bbox 483 1316 516 1382; x_wconf 91' lang='lat' dir='ltr'>in</span> <span class='ocrx_word' id='word_1_74' title='bbox 532 1340 565 1383; x_wconf 91' lang='lat' dir='ltr'>re</span> <span class='ocrx_word' id='word_1_75' title='bbox 583 1319 711 1385; x_wconf 82' lang='lat' dir='ltr'>nautica</span> <span class='ocrx_word' id='word_1_76' title='bbox 731 1318 861 1385; x_wconf 84' lang='lat' dir='ltr'>inferior</span> <span class='ocrx_word' id='word_1_77' title='bbox 877 1317 1039 1384; x_wconf 88' lang='lat' dir='ltr'>funiculus</span> <span class='ocrx_word' id='word_1_78' title='bbox 1050 1318 1124 1397; x_wconf 87' lang='lat' dir='ltr'>veli,</span> <span class='ocrx_word' id='word_1_79' title='bbox 1138 1339 1205 1406; x_wconf 90' lang='lat' dir='ltr'>quo</span> <span class='ocrx_word' id='word_1_80' title='bbox 1217 1318 1308 1386; x_wconf 82' lang='lat' dir='ltr'>funi-</span> 
     </span>
     <span class='ocr_line' id='line_1_11' title="bbox 275 1418 1308 1506; baseline 0.003 -22"><span class='ocrx_word' id='word_1_81' title='bbox 275 1418 350 1484; x_wconf 84' lang='lat' dir='ltr'>culo</span> <span class='ocrx_word' id='word_1_82' title='bbox 371 1418 476 1484; x_wconf 89' lang='lat' dir='ltr'>velum</span> <span class='ocrx_word' id='word_1_83' title='bbox 493 1418 542 1482; x_wconf 89' lang='lat' dir='ltr'>vel</span> <span class='ocrx_word' id='word_1_84' title='bbox 562 1418 777 1506; x_wconf 80' lang='lat' dir='ltr'>adstringitur,</span> <span class='ocrx_word' id='word_1_85' title='bbox 796 1420 845 1486; x_wconf 91' lang='lat' dir='ltr'>vel</span> <span class='ocrx_word' id='word_1_86' title='bbox 867 1419 1062 1485; x_wconf 77' lang='lat' dir='ltr'>remittiturt</span> <span class='ocrx_word' id='word_1_87' title='bbox 1086 1419 1210 1486; x_wconf 79' lang='lat' dir='ltr'>Latinis</span> <span class='ocrx_word' id='word_1_88' title='bbox 1225 1419 1308 1487; x_wconf 83' lang='lat' dir='ltr'>item</span> 
     </span>
     <span class='ocr_line' id='line_1_12' title="bbox 271 1517 1306 1607; baseline 0.001 -24"><span class='ocrx_word' id='word_1_89' title='bbox 271 1532 324 1605; x_wconf 74' lang='lat' dir='ltr'>pes</span> <span class='ocrx_word' id='word_1_90' title='bbox 339 1517 473 1584; x_wconf 88' lang='lat' dir='ltr'>dicitur:</span> <span class='ocrx_word' id='word_1_91' title='bbox 497 1518 584 1606; x_wconf 90' lang='lat' dir='ltr'>quod</span> <span class='ocrx_word' id='word_1_92' title='bbox 600 1520 666 1605; x_wconf 88' lang='lat' dir='ltr'>post</span> <span class='ocrx_word' id='word_1_93' title='bbox 680 1522 756 1585; x_wconf 82' lang='lat' dir='ltr'>Laz.</span> <span class='ocrx_word' id='word_1_94' title='bbox 768 1521 914 1607; x_wconf 86' lang='lat' dir='ltr'>Bsyfium</span> <span class='ocrx_word' id='word_1_95' title='bbox 929 1521 981 1584; x_wconf 92' lang='lat' dir='ltr'>De</span> <span class='ocrx_word' id='word_1_96' title='bbox 995 1521 1042 1585; x_wconf 89' lang='lat' dir='ltr'>Re</span> <span class='ocrx_word' id='word_1_97' title='bbox 1053 1519 1169 1584; x_wconf 84' lang='lat' dir='ltr'>Navali</span> <span class='ocrx_word' id='word_1_98' title='bbox 1185 1541 1218 1606; x_wconf 92' lang='lat' dir='ltr'>p.</span> <span class='ocrx_word' id='word_1_99' title='bbox 1232 1539 1306 1602; x_wconf 80' lang='lat'>124.</span> 
     </span>
     <span class='ocr_line' id='line_1_13' title="bbox 278 1620 1308 1708; baseline 0.002 -22"><span class='ocrx_word' id='word_1_100' title='bbox 278 1621 372 1686; x_wconf 89' lang='lat' dir='ltr'>multi</span> <span class='ocrx_word' id='word_1_101' title='bbox 394 1633 558 1700; x_wconf 83' lang='lat' dir='ltr'>notarunt,</span> <span class='ocrx_word' id='word_1_102' title='bbox 587 1620 684 1686; x_wconf 81' lang='lat' dir='ltr'>veluti</span> <span class='ocrx_word' id='word_1_103' title='bbox 708 1621 896 1706; x_wconf 80' lang='lat' dir='ltr'>interpretes</span> <span class='ocrx_word' id='word_1_104' title='bbox 923 1620 1050 1707; x_wconf 82' lang='lat' dir='ltr'>Virgilii</span> <span class='ocrx_word' id='word_1_105' title='bbox 1075 1622 1154 1687; x_wconf 87' lang='lat' dir='ltr'>AEn.</span> <span class='ocrx_word' id='word_1_106' title='bbox 1168 1623 1213 1687; x_wconf 91' lang='lat' dir='ltr'>V.</span> <span class='ocrx_word' id='word_1_107' title='bbox 1228 1623 1308 1708; x_wconf 81' lang='lat'>830.</span> 
     </span>
     <span class='ocr_line' id='line_1_14' title="bbox 276 1712 1309 1805; baseline 0.001 -19"><span class='ocrx_word' id='word_1_108' title='bbox 276 1720 341 1787; x_wconf 90' lang='lat' dir='ltr'>Jos.</span> <span class='ocrx_word' id='word_1_109' title='bbox 357 1720 499 1805; x_wconf 85' lang='lat' dir='ltr'>Scaliger</span> <span class='ocrx_word' id='word_1_110' title='bbox 509 1735 543 1785; x_wconf 91' lang='lat' dir='ltr'>et</span> <span class='ocrx_word' id='word_1_111' title='bbox 556 1712 705 1787; x_wconf 84' lang='lat' dir='ltr'>Muretus</span> <span class='ocrx_word' id='word_1_112' title='bbox 719 1721 760 1785; x_wconf 90' lang='lat' dir='ltr'>sd</span> <span class='ocrx_word' id='word_1_113' title='bbox 781 1720 946 1786; x_wconf 89' lang='lat' dir='ltr'>Catullum</span> <span class='ocrx_word' id='word_1_114' title='bbox 970 1722 1029 1786; x_wconf 93' lang='lat' dir='ltr'>lV.</span> <span class='ocrx_word' id='word_1_115' title='bbox 1046 1739 1098 1788; x_wconf 73' lang='lat'>21.</span> <span class='ocrx_word' id='word_1_116' title='bbox 1135 1722 1220 1787; x_wconf 87' lang='lat' dir='ltr'>Mos.</span> <span class='ocrx_word' id='word_1_117' title='bbox 1243 1723 1309 1787; x_wconf 87' lang='lat' dir='ltr'>So·</span> 
     </span>
     <span class='ocr_line' id='line_1_15' title="bbox 276 1821 1307 1909; baseline 0.002 -20"><span class='ocrx_word' id='word_1_118' title='bbox 276 1823 368 1889; x_wconf 80' lang='lat' dir='ltr'>lanus</span> <span class='ocrx_word' id='word_1_119' title='bbox 389 1836 424 1887; x_wconf 94' lang='lat' dir='ltr'>et</span> <span class='ocrx_word' id='word_1_120' title='bbox 442 1823 514 1887; x_wconf 88' lang='lat' dir='ltr'>Tib.</span> <span class='ocrx_word' id='word_1_121' title='bbox 534 1821 788 1888; x_wconf 80' lang='lat' dir='ltr'>Hemsterhuhus</span> <span class='ocrx_word' id='word_1_122' title='bbox 809 1822 851 1887; x_wconf 86' lang='lat' dir='ltr'>ad</span> <span class='ocrx_word' id='word_1_123' title='bbox 872 1821 1005 1887; x_wconf 84' lang='lat' dir='ltr'>Luciani</span> <span class='ocrx_word' id='word_1_124' title='bbox 1020 1822 1206 1909; x_wconf 87' lang='lat' dir='ltr'>Contempl.</span> <span class='ocrx_word' id='word_1_125' title='bbox 1218 1825 1260 1890; x_wconf 84' lang='lat' dir='ltr'>T.</span> <span class='ocrx_word' id='word_1_126' title='bbox 1277 1826 1307 1891; x_wconf 94' lang='lat'>1.</span> 
     </span>
     <span class='ocr_line' id='line_1_16' title="bbox 276 1923 1309 2012; baseline 0.003 -23"><span class='ocrx_word' id='word_1_127' title='bbox 276 1947 309 2012; x_wconf 90' lang='lat' dir='ltr'>p.</span> <span class='ocrx_word' id='word_1_128' title='bbox 323 1944 400 2012; x_wconf 78' lang='lat'>493.</span> <span class='ocrx_word' id='word_1_129' title='bbox 436 1926 511 1989; x_wconf 88' lang='lat' dir='ltr'>Hoc</span> <span class='ocrx_word' id='word_1_130' title='bbox 531 1923 604 1992; x_wconf 91' lang='lat' dir='ltr'>loco</span> <span class='ocrx_word' id='word_1_131' title='bbox 624 1924 814 1991; x_wconf 80' lang='lat' dir='ltr'>Plutarchus</span> <span class='ocrx_word' id='word_1_132' title='bbox 829 1937 1011 2010; x_wconf 88' lang='lat' dir='ltr'>opportune</span> <span class='ocrx_word' id='word_1_133' title='bbox 1029 1924 1212 2010; x_wconf 72' lang='lat' dir='ltr'>Euripidem</span> <span class='ocrx_word' id='word_1_134' title='bbox 1234 1926 1309 1992; x_wconf 84' lang='lat' dir='ltr'>sen·</span> 
     </span>
     <span class='ocr_line' id='line_1_17' title="bbox 276 2022 1309 2113; baseline -0.002 -19"><span class='ocrx_word' id='word_1_135' title='bbox 276 2026 385 2095; x_wconf 84' lang='lat' dir='ltr'>tentire</span> <span class='ocrx_word' id='word_1_136' title='bbox 406 2024 531 2112; x_wconf 87' lang='lat' dir='ltr'>subjicit</span> <span class='ocrx_word' id='word_1_137' title='bbox 551 2025 821 2113; x_wconf 81' lang='lat' dir='ltr'>comparationem</span> <span class='ocrx_word' id='word_1_138' title='bbox 844 2024 898 2111; x_wconf 86' lang='lat' dir='ltr'>ipsr</span> <span class='ocrx_word' id='word_1_139' title='bbox 916 2022 1090 2089; x_wconf 85' lang='lat' dir='ltr'>adhibitam</span> <span class='ocrx_word' id='word_1_140' title='bbox 1111 2024 1258 2111; x_wconf 84' lang='lat' dir='ltr'>Euripidi</span> <span class='ocrx_word' id='word_1_141' title='bbox 1272 2026 1309 2093; x_wconf 88' lang='lat' dir='ltr'>in</span> 
     </span>
     <span class='ocr_line' id='line_1_18' title="bbox 261 2124 1306 2214; baseline -0.007 -20"><span class='ocrx_word' id='word_1_142' title='bbox 261 2128 385 2195; x_wconf 74' lang='lat' dir='ltr'>&#39;Oreste</span> <span class='ocrx_word' id='word_1_143' title='bbox 399 2130 481 2211; x_wconf 84' lang='lat'>706:</span> <span class='ocrx_word' id='word_1_144' title='bbox 505 2126 562 2205; x_wconf 70' lang='lat' dir='ltr'>Kal</span> <span class='ocrx_word' id='word_1_145' title='bbox 583 2134 646 2201; x_wconf 80' lang='grc' dir='ltr'><strong>ναῦς</strong></span> <span class='ocrx_word' id='word_1_146' title='bbox 664 2132 723 2214; x_wconf 71' lang='lat' dir='ltr'>yrlp</span> <span class='ocrx_word' id='word_1_147' title='bbox 744 2131 881 2191; x_wconf 69' lang='grc' dir='ltr'>ὶνὶαθοῑσα</span> <span class='ocrx_word' id='word_1_148' title='bbox 901 2127 967 2213; x_wconf 67' lang='grc' dir='ltr'>πρὸς</span> <span class='ocrx_word' id='word_1_149' title='bbox 987 2124 1053 2203; x_wconf 70' lang='grc' dir='ltr'><strong>βίαν</strong></span> <span class='ocrx_word' id='word_1_150' title='bbox 1072 2127 1145 2203; x_wconf 70' lang='grc' dir='ltr'><strong>ποδὶ,</strong></span> <span class='ocrx_word' id='word_1_151' title='bbox 1161 2124 1306 2203; x_wconf 56' lang='lat' dir='ltr'>&#39;Effudit‘</span> 
     </span>
     <span class='ocr_line' id='line_1_19' title="bbox 276 2226 1308 2316; baseline 0.002 -24"><span class='ocrx_word' id='word_1_152' title='bbox 276 2229 323 2306; x_wconf 68' lang='grc' dir='ltr'>ἷςη</span> <span class='ocrx_word' id='word_1_153' title='bbox 345 2233 366 2292; x_wconf 69' lang='grc' dir='ltr'>δ’</span> <span class='ocrx_word' id='word_1_154' title='bbox 381 2229 471 2306; x_wconf 72' lang='grc' dir='ltr'><strong>αὖθις,</strong></span> <span class='ocrx_word' id='word_1_155' title='bbox 492 2226 521 2304; x_wconf 69' lang='grc' dir='ltr'>ἢν</span> <span class='ocrx_word' id='word_1_156' title='bbox 540 2234 628 2313; x_wconf 76' lang='grc' dir='ltr'><strong>χαλᾷ</strong></span> <span class='ocrx_word' id='word_1_157' title='bbox 646 2228 738 2291; x_wconf 69' lang='grc' dir='ltr'><strong>πόδα.</strong></span> <span class='ocrx_word' id='word_1_158' title='bbox 774 2228 857 2292; x_wconf 73' lang='lat' dir='ltr'>Usus</span> <span class='ocrx_word' id='word_1_159' title='bbox 875 2228 919 2292; x_wconf 79' lang='lat' dir='ltr'>est</span> <span class='ocrx_word' id='word_1_160' title='bbox 937 2241 971 2291; x_wconf 88' lang='lat' dir='ltr'>et</span> <span class='ocrx_word' id='word_1_161' title='bbox 992 2226 1168 2312; x_wconf 75' lang='lat' dir='ltr'>Sophocles</span> <span class='ocrx_word' id='word_1_162' title='bbox 1189 2229 1308 2316; x_wconf 82' lang='lat' dir='ltr'>Antig.</span> 
     </span>
     <span class='ocr_line' id='line_1_20' title="bbox 277 2325 1242 2413; baseline -0.004 -17"><span class='ocrx_word' id='word_1_163' title='bbox 277 2332 351 2412; x_wconf 81' lang='lat'>726.</span> <span class='ocrx_word' id='word_1_164' title='bbox 387 2328 533 2392; x_wconf 87' lang='lat' dir='ltr'>Adeatur</span> <span class='ocrx_word' id='word_1_165' title='bbox 546 2339 580 2391; x_wconf 91' lang='lat' dir='ltr'>et</span> <span class='ocrx_word' id='word_1_166' title='bbox 593 2327 762 2413; x_wconf 82' lang='lat' dir='ltr'>Berglerus</span> <span class='ocrx_word' id='word_1_167' title='bbox 776 2326 818 2391; x_wconf 84' lang='lat' dir='ltr'>ad</span> <span class='ocrx_word' id='word_1_168' title='bbox 831 2325 1052 2412; x_wconf 84' lang='lat' dir='ltr'>Aristophanis</span> <span class='ocrx_word' id='word_1_169' title='bbox 1067 2328 1151 2412; x_wconf 83' lang='lat' dir='ltr'>Equ.</span> <span class='ocrx_word' id='word_1_170' title='bbox 1164 2347 1242 2413; x_wconf 83' lang='lat'>434.</span> 
     </span>
    </p>

    <p class='ocr_par' dir='ltr' id='par_1_4' title="bbox 277 2425 1311 2718">
     <span class='ocr_line' id='line_1_21' title="bbox 318 2425 1311 2513; baseline 0.005 -23"><span class='ocrx_word' id='word_1_171' title='bbox 318 2447 350 2511; x_wconf 90' lang='lat' dir='ltr'>p.</span> <span class='ocrx_word' id='word_1_172' title='bbox 363 2427 415 2512; x_wconf 84' lang='lat'>96.</span> <span class='ocrx_word' id='word_1_173' title='bbox 430 2428 473 2489; x_wconf 83' lang='lat' dir='ltr'>A.</span> <span class='ocrx_word' id='word_1_174' title='bbox 495 2429 533 2508; x_wconf 73' lang='grc' dir='ltr'>μὴ</span> <span class='ocrx_word' id='word_1_175' title='bbox 548 2431 668 2501; x_wconf 70' lang='grc' dir='ltr'><strong>πολλοῖς</strong></span> <span class='ocrx_word' id='word_1_176' title='bbox 683 2425 831 2509; x_wconf 70' lang='grc' dir='ltr'><strong>δμὸἄλλεον</strong></span> <span class='ocrx_word' id='word_1_177' title='bbox 844 2427 958 2513; x_wconf 70' lang='grc' dir='ltr'>δεξιάν]</span> <span class='ocrx_word' id='word_1_178' title='bbox 985 2426 1094 2492; x_wconf 82' lang='lat' dir='ltr'>Prodit</span> <span class='ocrx_word' id='word_1_179' title='bbox 1105 2428 1311 2495; x_wconf 72' lang='lat' dir='ltr'>lamblichus</span> 
     </span>
     <span class='ocr_line' id='line_1_22' title="bbox 277 2528 1310 2618; baseline 0.006 -26"><span class='ocrx_word' id='word_1_180' title='bbox 277 2528 310 2592; x_wconf 89' lang='lat' dir='ltr'>in</span> <span class='ocrx_word' id='word_1_181' title='bbox 327 2528 524 2614; x_wconf 85' lang='lat' dir='ltr'>Protreptico</span> <span class='ocrx_word' id='word_1_182' title='bbox 539 2529 591 2594; x_wconf 85' lang='lat'>28.</span> <span class='ocrx_word' id='word_1_183' title='bbox 624 2529 702 2596; x_wconf 77' lang='lat' dir='ltr'>Vita</span> <span class='ocrx_word' id='word_1_184' title='bbox 716 2530 905 2617; x_wconf 81' lang='lat' dir='ltr'>Pythagorae</span> <span class='ocrx_word' id='word_1_185' title='bbox 919 2529 951 2618; x_wconf 90' lang='lat'>§.</span> <span class='ocrx_word' id='word_1_186' title='bbox 968 2543 1042 2614; x_wconf 79' lang='lat'>257.</span> <span class='ocrx_word' id='word_1_187' title='bbox 1074 2530 1310 2618; x_wconf 81' lang='lat' dir='ltr'>Interpretatur</span> 
     </span>
     <span class='ocr_line' id='line_1_23' title="bbox 277 2628 731 2718; baseline -0.002 -23"><span class='ocrx_word' id='word_1_188' title='bbox 277 2631 315 2695; x_wconf 91' lang='lat' dir='ltr'>L.</span> <span class='ocrx_word' id='word_1_189' title='bbox 333 2628 493 2718; x_wconf 81' lang='lat' dir='ltr'>Gyraldus</span> <span class='ocrx_word' id='word_1_190' title='bbox 508 2630 594 2715; x_wconf 93' lang='lat' dir='ltr'>Opp.</span> <span class='ocrx_word' id='word_1_191' title='bbox 609 2653 641 2716; x_wconf 94' lang='lat' dir='ltr'>p.</span> <span class='ocrx_word' id='word_1_192' title='bbox 658 2633 731 2695; x_wconf 91' lang='lat'>660.</span> 
     </span>
    </p>

    <p class='ocr_par' dir='ltr' id='par_1_5' title="bbox 271 2729 1312 3932">
     <span class='ocr_line' id='line_1_24' title="bbox 319 2729 1309 2818; baseline 0.003 -23"><span class='ocrx_word' id='word_1_193' title='bbox 319 2733 372 2818; x_wconf 91' lang='lat'>96.</span> <span class='ocrx_word' id='word_1_194' title='bbox 387 2731 430 2795; x_wconf 86' lang='lat' dir='ltr'>A.</span> <span class='ocrx_word' id='word_1_195' title='bbox 451 2732 516 2818; x_wconf 65' lang='lat' dir='ltr'>spir</span> <span class='ocrx_word' id='word_1_196' title='bbox 531 2730 680 2808; x_wconf 71' lang='grc' dir='ltr'><strong>ἑναντίανῆ</strong></span> <span class='ocrx_word' id='word_1_197' title='bbox 696 2736 770 2814; x_wconf 71' lang='grc' dir='ltr'>μετὰ</span> <span class='ocrx_word' id='word_1_198' title='bbox 782 2739 901 2796; x_wconf 69' lang='grc' dir='ltr'><strong>πολλῶν</strong></span> <span class='ocrx_word' id='word_1_199' title='bbox 916 2736 1012 2795; x_wconf 72' lang='grc' dir='ltr'><strong>παθῶν</strong></span> <span class='ocrx_word' id='word_1_200' title='bbox 1027 2732 1165 2816; x_wconf 70' lang='lat' dir='ltr'>olorinus]</span> <span class='ocrx_word' id='word_1_201' title='bbox 1185 2729 1309 2798; x_wconf 86' lang='lat' dir='ltr'>Adhuc</span> 
     </span>
     <span class='ocr_line' id='line_1_25' title="bbox 276 2831 1312 2920; baseline 0.001 -23"><span class='ocrx_word' id='word_1_202' title='bbox 276 2831 447 2918; x_wconf 87' lang='lat' dir='ltr'>probabilis</span> <span class='ocrx_word' id='word_1_203' title='bbox 469 2833 549 2896; x_wconf 90' lang='lat' dir='ltr'>mihi</span> <span class='ocrx_word' id='word_1_204' title='bbox 569 2833 693 2899; x_wconf 87' lang='lat' dir='ltr'>videtur</span> <span class='ocrx_word' id='word_1_205' title='bbox 707 2834 777 2898; x_wconf 86' lang='lat' dir='ltr'>haec</span> <span class='ocrx_word' id='word_1_206' title='bbox 791 2834 884 2913; x_wconf 82' lang='lat' dir='ltr'>ratio,</span> <span class='ocrx_word' id='word_1_207' title='bbox 907 2847 944 2898; x_wconf 91' lang='lat' dir='ltr'>ut</span> <span class='ocrx_word' id='word_1_208' title='bbox 965 2833 1092 2920; x_wconf 88' lang='lat' dir='ltr'>legatur</span> <span class='ocrx_word' id='word_1_209' title='bbox 1104 2835 1177 2918; x_wconf 68' lang='grc' dir='ltr'>πρὸς</span> <span class='ocrx_word' id='word_1_210' title='bbox 1192 2834 1312 2898; x_wconf 68' lang='grc' dir='ltr'><strong>ἐναντίον</strong></span> 
     </span>
     <span class='ocr_line' id='line_1_26' title="bbox 279 2932 1309 3017; baseline 0.005 -22"><span class='ocrx_word' id='word_1_211' title='bbox 279 2932 342 3015; x_wconf 79' lang='lat' dir='ltr'>(vel</span> <span class='ocrx_word' id='word_1_212' title='bbox 353 2936 425 3017; x_wconf 68' lang='grc' dir='ltr'>πρὸς</span> <span class='ocrx_word' id='word_1_213' title='bbox 438 2935 470 2998; x_wconf 76' lang='grc' dir='ltr'>τὸ</span> <span class='ocrx_word' id='word_1_214' title='bbox 484 2935 612 3016; x_wconf 63' lang='grc' dir='ltr'><strong>ἐναντίον)</strong></span> <span class='ocrx_word' id='word_1_215' title='bbox 629 2940 702 3016; x_wconf 71' lang='lat' dir='ltr'>perd</span> <span class='ocrx_word' id='word_1_216' title='bbox 718 2963 750 2999; x_wconf 79' lang='lat' dir='ltr'>tr.</span> <span class='ocrx_word' id='word_1_217' title='bbox 764 2963 797 2999; x_wconf 78' lang='lat' dir='ltr'>tr.</span> <span class='ocrx_word' id='word_1_218' title='bbox 814 2963 837 2998; x_wconf 83' lang='grc' dir='ltr'><strong>ε.</strong></span> <span class='ocrx_word' id='word_1_219' title='bbox 854 2949 891 2999; x_wconf 87' lang='lat' dir='ltr'>ut</span> <span class='ocrx_word' id='word_1_220' title='bbox 905 2934 1056 2998; x_wconf 84' lang='lat' dir='ltr'>vertimus</span> <span class='ocrx_word' id='word_1_221' title='bbox 1072 2934 1105 2999; x_wconf 85' lang='lat' dir='ltr'>in</span> <span class='ocrx_word' id='word_1_222' title='bbox 1120 2932 1237 2999; x_wconf 73' lang='lat' dir='ltr'>Latim</span> <span class='ocrx_word' id='word_1_223' title='bbox 1251 2935 1309 3001; x_wconf 88' lang='lat' dir='ltr'>ln·</span> 
     </span>
     <span class='ocr_line' id='line_1_27' title="bbox 275 3031 1311 3120; baseline 0.003 -22"><span class='ocrx_word' id='word_1_224' title='bbox 275 3031 513 3116; x_wconf 84' lang='lat' dir='ltr'>terpretatione.</span> <span class='ocrx_word' id='word_1_225' title='bbox 559 3036 597 3097; x_wconf 91' lang='lat' dir='ltr'>In</span> <span class='ocrx_word' id='word_1_226' title='bbox 624 3039 747 3097; x_wconf 75' lang='grc' dir='ltr'><strong>ιίσιῦσαν</strong></span> <span class='ocrx_word' id='word_1_227' title='bbox 769 3035 813 3098; x_wconf 84' lang='lat' dir='ltr'>est</span> <span class='ocrx_word' id='word_1_228' title='bbox 833 3033 984 3120; x_wconf 76' lang='lat' dir='ltr'>exquisita</span> <span class='ocrx_word' id='word_1_229' title='bbox 1005 3033 1106 3113; x_wconf 88' lang='lat' dir='ltr'>notio,</span> <span class='ocrx_word' id='word_1_230' title='bbox 1129 3031 1311 3120; x_wconf 86' lang='lat' dir='ltr'>cujusmodi</span> 
     </span>
     <span class='ocr_line' id='line_1_28' title="bbox 275 3130 1309 3221; baseline 0.004 -24"><span class='ocrx_word' id='word_1_231' title='bbox 275 3130 340 3219; x_wconf 87' lang='lat' dir='ltr'>ipse</span> <span class='ocrx_word' id='word_1_232' title='bbox 368 3133 527 3219; x_wconf 79' lang='lat' dir='ltr'>usurparit</span> <span class='ocrx_word' id='word_1_233' title='bbox 552 3134 721 3220; x_wconf 85' lang='lat' dir='ltr'>Euripides</span> <span class='ocrx_word' id='word_1_234' title='bbox 748 3135 894 3199; x_wconf 82' lang='lat' dir='ltr'>Phoeniff.</span> <span class='ocrx_word' id='word_1_235' title='bbox 913 3136 989 3219; x_wconf 84' lang='lat'>536.</span> <span class='ocrx_word' id='word_1_236' title='bbox 1018 3133 1177 3216; x_wconf 69' lang='grc' dir='ltr'>φιλοτιμίαν</span> <span class='ocrx_word' id='word_1_237' title='bbox 1199 3156 1309 3221; x_wconf 86' lang='lat' dir='ltr'>repre·</span> 
     </span>
     <span class='ocr_line' id='line_1_29' title="bbox 274 3236 1309 3319; baseline 0.003 -18"><span class='ocrx_word' id='word_1_238' title='bbox 274 3236 438 3301; x_wconf 81' lang='lat' dir='ltr'>hendens:</span> <span class='ocrx_word' id='word_1_239' title='bbox 471 3236 590 3312; x_wconf 72' lang='grc' dir='ltr'><strong>Πολλοὶς</strong></span> <span class='ocrx_word' id='word_1_240' title='bbox 611 3240 632 3300; x_wconf 78' lang='grc' dir='ltr'>δ’</span> <span class='ocrx_word' id='word_1_241' title='bbox 653 3243 679 3312; x_wconf 71' lang='grc' dir='ltr'>ἐς</span> <span class='ocrx_word' id='word_1_242' title='bbox 700 3237 775 3312; x_wconf 73' lang='grc' dir='ltr'><strong>οἶκος</strong></span> <span class='ocrx_word' id='word_1_243' title='bbox 797 3238 844 3301; x_wconf 72' lang='grc' dir='ltr'>καὶ</span> <span class='ocrx_word' id='word_1_244' title='bbox 867 3237 966 3311; x_wconf 69' lang='grc' dir='ltr'>πόλεις</span> <span class='ocrx_word' id='word_1_245' title='bbox 987 3236 1144 3319; x_wconf 71' lang='grc' dir='ltr'><strong>εὐδαίμονας</strong></span> <span class='ocrx_word' id='word_1_246' title='bbox 1165 3241 1309 3318; x_wconf 53' lang='lat' dir='ltr'>Rishahr,</span> 
     </span>
     <span class='ocr_line' id='line_1_30' title="bbox 275 3337 1308 3427; baseline 0.002 -25"><span class='ocrx_word' id='word_1_247' title='bbox 275 3341 392 3424; x_wconf 54' lang='lat' dir='ltr'>»pifihs‘l’</span> <span class='ocrx_word' id='word_1_248' title='bbox 407 3341 447 3402; x_wconf 68' lang='grc' dir='ltr'>ἔπ’</span> <span class='ocrx_word' id='word_1_249' title='bbox 462 3339 567 3427; x_wconf 70' lang='grc' dir='ltr'><strong><em>ὄλέθςῳ</em></strong></span> <span class='ocrx_word' id='word_1_250' title='bbox 586 3347 640 3403; x_wconf 80' lang='grc' dir='ltr'>τῶν</span> <span class='ocrx_word' id='word_1_251' title='bbox 660 3339 823 3426; x_wconf 63' lang='lat' dir='ltr'>xpophor:</span> <span class='ocrx_word' id='word_1_252' title='bbox 847 3338 902 3403; x_wconf 84' lang='lat' dir='ltr'>ubl</span> <span class='ocrx_word' id='word_1_253' title='bbox 917 3338 1026 3403; x_wconf 75' lang='lat' dir='ltr'>nmilia</span> <span class='ocrx_word' id='word_1_254' title='bbox 1040 3337 1150 3405; x_wconf 84' lang='lat' dir='ltr'>attulit</span> <span class='ocrx_word' id='word_1_255' title='bbox 1163 3341 1196 3402; x_wconf 88' lang='lat' dir='ltr'>V</span> <span class='ocrx_word' id='word_1_256' title='bbox 1196 3338 1308 3407; x_wconf 71' lang='lat' dir='ltr'>nlclte·</span> 
     </span>
     <span class='ocr_line' id='line_1_31' title="bbox 274 3436 1308 3523; baseline 0.003 -21"><span class='ocrx_word' id='word_1_257' title='bbox 274 3436 392 3502; x_wconf 87' lang='lat' dir='ltr'>narius.</span> <span class='ocrx_word' id='word_1_258' title='bbox 430 3439 592 3503; x_wconf 81' lang='lat' dir='ltr'>Caeteruru</span> <span class='ocrx_word' id='word_1_259' title='bbox 607 3438 622 3514; x_wconf 75' lang='grc' dir='ltr'><strong>ἢ</strong></span> <span class='ocrx_word' id='word_1_260' title='bbox 636 3437 699 3504; x_wconf 91' lang='lat' dir='ltr'>hoc</span> <span class='ocrx_word' id='word_1_261' title='bbox 717 3440 801 3518; x_wconf 91' lang='lat' dir='ltr'>loco,</span> <span class='ocrx_word' id='word_1_262' title='bbox 818 3452 856 3502; x_wconf 90' lang='lat' dir='ltr'>ut</span> <span class='ocrx_word' id='word_1_263' title='bbox 868 3437 944 3501; x_wconf 85' lang='lat' dir='ltr'>alibi</span> <span class='ocrx_word' id='word_1_264' title='bbox 966 3438 1091 3523; x_wconf 78' lang='lat' dir='ltr'>saepius,</span> <span class='ocrx_word' id='word_1_265' title='bbox 1112 3438 1153 3501; x_wconf 87' lang='lat' dir='ltr'>sb</span> <span class='ocrx_word' id='word_1_266' title='bbox 1174 3451 1308 3505; x_wconf 85' lang='lat' dir='ltr'>antece·</span> 
     </span>
     <span class='ocr_line' id='line_1_32' title="bbox 274 3538 1310 3626; baseline 0.003 -22"><span class='ocrx_word' id='word_1_267' title='bbox 274 3538 371 3604; x_wconf 90' lang='lat' dir='ltr'>dente</span> <span class='ocrx_word' id='word_1_268' title='bbox 393 3567 407 3605; x_wconf 91' lang='grc' dir='ltr'><strong>ν</strong></span> <span class='ocrx_word' id='word_1_269' title='bbox 428 3551 540 3605; x_wconf 90' lang='lat' dir='ltr'>natum</span> <span class='ocrx_word' id='word_1_270' title='bbox 562 3543 626 3617; x_wconf 85' lang='lat' dir='ltr'>est;</span> <span class='ocrx_word' id='word_1_271' title='bbox 649 3538 798 3626; x_wconf 74' lang='lat' dir='ltr'>siquidem</span> <span class='ocrx_word' id='word_1_272' title='bbox 820 3540 872 3603; x_wconf 84' lang='lat' dir='ltr'>hae</span> <span class='ocrx_word' id='word_1_273' title='bbox 888 3539 990 3604; x_wconf 85' lang='lat' dir='ltr'>literae</span> <span class='ocrx_word' id='word_1_274' title='bbox 1011 3560 1106 3624; x_wconf 88' lang='lat' dir='ltr'>parvo</span> <span class='ocrx_word' id='word_1_275' title='bbox 1128 3538 1310 3607; x_wconf 84' lang='lat' dir='ltr'>discrimino</span> 
     </span>
     <span class='ocr_line' id='line_1_33' title="bbox 274 3639 1309 3726; baseline -0.001 -18"><span class='ocrx_word' id='word_1_276' title='bbox 274 3641 450 3708; x_wconf 77' lang='lat' dir='ltr'>transverse</span> <span class='ocrx_word' id='word_1_277' title='bbox 464 3642 557 3707; x_wconf 83' lang='lat' dir='ltr'>lineae</span> <span class='ocrx_word' id='word_1_278' title='bbox 571 3641 763 3720; x_wconf 83' lang='lat' dir='ltr'>differentes,</span> <span class='ocrx_word' id='word_1_279' title='bbox 786 3642 821 3706; x_wconf 96' lang='lat' dir='ltr'>H</span> <span class='ocrx_word' id='word_1_280' title='bbox 842 3653 878 3704; x_wconf 90' lang='lat' dir='ltr'>et</span> <span class='ocrx_word' id='word_1_281' title='bbox 897 3641 944 3720; x_wconf 92' lang='lat' dir='ltr'>N,</span> <span class='ocrx_word' id='word_1_282' title='bbox 967 3639 1100 3704; x_wconf 81' lang='lat' dir='ltr'>invicem</span> <span class='ocrx_word' id='word_1_283' title='bbox 1124 3640 1309 3726; x_wconf 82' lang='lat' dir='ltr'>frequenter</span> 
     </span>
     <span class='ocr_line' id='line_1_34' title="bbox 271 3741 1307 3810; baseline 0 0"><span class='ocrx_word' id='word_1_284' title='bbox 271 3756 450 3810; x_wconf 74' lang='lat' dir='ltr'>intortum</span> <span class='ocrx_word' id='word_1_285' title='bbox 470 3758 528 3807; x_wconf 86' lang='lat' dir='ltr'>aut</span> <span class='ocrx_word' id='word_1_286' title='bbox 549 3742 714 3807; x_wconf 88' lang='lat' dir='ltr'>interitum</span> <span class='ocrx_word' id='word_1_287' title='bbox 733 3742 922 3807; x_wconf 85' lang='lat' dir='ltr'>attulerunt.</span> <span class='ocrx_word' id='word_1_288' title='bbox 958 3741 1069 3806; x_wconf 87' lang='lat' dir='ltr'>Veluti</span> <span class='ocrx_word' id='word_1_289' title='bbox 1084 3741 1115 3805; x_wconf 90' lang='lat' dir='ltr'>in</span> <span class='ocrx_word' id='word_1_290' title='bbox 1133 3741 1307 3810; x_wconf 79' lang='lat' dir='ltr'>Plutarcho</span> 
     </span>
     <span class='ocr_line' id='line_1_35' title="bbox 273 3843 1305 3932; baseline -0.006 -17"><span class='ocrx_word' id='word_1_291' title='bbox 273 3847 361 3932; x_wconf 90' lang='lat' dir='ltr'>Opp.</span> <span class='ocrx_word' id='word_1_292' title='bbox 384 3848 471 3910; x_wconf 90' lang='lat' dir='ltr'>Mor.</span> <span class='ocrx_word' id='word_1_293' title='bbox 495 3867 528 3930; x_wconf 94' lang='lat' dir='ltr'>p.</span> <span class='ocrx_word' id='word_1_294' title='bbox 546 3863 618 3925; x_wconf 84' lang='lat'>124.</span> <span class='ocrx_word' id='word_1_295' title='bbox 634 3846 672 3908; x_wconf 89' lang='lat' dir='ltr'>E.</span> <span class='ocrx_word' id='word_1_296' title='bbox 698 3864 770 3930; x_wconf 87' lang='lat'>139.</span> <span class='ocrx_word' id='word_1_297' title='bbox 786 3845 831 3908; x_wconf 90' lang='lat' dir='ltr'>D.</span> <span class='ocrx_word' id='word_1_298' title='bbox 858 3846 929 3929; x_wconf 87' lang='lat'>163.</span> <span class='ocrx_word' id='word_1_299' title='bbox 944 3845 988 3908; x_wconf 93' lang='lat' dir='ltr'>D.</span> <span class='ocrx_word' id='word_1_300' title='bbox 1012 3859 1085 3929; x_wconf 85' lang='lat'>729.</span> <span class='ocrx_word' id='word_1_301' title='bbox 1101 3843 1145 3906; x_wconf 94' lang='lat' dir='ltr'>D.</span> <span class='ocrx_word' id='word_1_302' title='bbox 1169 3858 1245 3929; x_wconf 81' lang='lat'>739.</span> <span class='ocrx_word' id='word_1_303' title='bbox 1266 3847 1305 3909; x_wconf 89' lang='lat' dir='ltr'>E.</span> 
     </span>
    </p>
   </div>
   <div class='ocr_carea' id='block_1_4' title="bbox 271 3944 1307 4234">
    <p class='ocr_par' dir='ltr' id='par_1_6' title="bbox 271 3944 1307 4234">
     <span class='ocr_line' id='line_1_36' title="bbox 273 3944 1306 4035; baseline -0.001 -22"><span class='ocrx_word' id='word_1_304' title='bbox 273 3969 349 4035; x_wconf 88' lang='lat'>919.</span> <span class='ocrx_word' id='word_1_305' title='bbox 363 3949 406 4012; x_wconf 85' lang='lat' dir='ltr'>A.</span> <span class='ocrx_word' id='word_1_306' title='bbox 437 3966 511 4032; x_wconf 83' lang='lat'>921.</span> <span class='ocrx_word' id='word_1_307' title='bbox 527 3946 572 4009; x_wconf 95' lang='lat' dir='ltr'>D.</span> <span class='ocrx_word' id='word_1_308' title='bbox 588 3948 627 4008; x_wconf 85' lang='lat' dir='ltr'>E.</span> <span class='ocrx_word' id='word_1_309' title='bbox 651 3965 725 4031; x_wconf 83' lang='lat'>931.</span> <span class='ocrx_word' id='word_1_310' title='bbox 742 3945 781 4008; x_wconf 93' lang='lat' dir='ltr'>B.</span> <span class='ocrx_word' id='word_1_311' title='bbox 807 3964 900 4030; x_wconf 83' lang='lat'>1103.</span> <span class='ocrx_word' id='word_1_312' title='bbox 923 3944 968 4010; x_wconf 84' lang='lat' dir='ltr'>A.</span> <span class='ocrx_word' id='word_1_313' title='bbox 1003 3963 1096 4010; x_wconf 87' lang='lat'>1112.</span> <span class='ocrx_word' id='word_1_314' title='bbox 1112 3945 1152 4006; x_wconf 89' lang='lat' dir='ltr'>E.</span> <span class='ocrx_word' id='word_1_315' title='bbox 1176 3946 1306 4032; x_wconf 82' lang='lat' dir='ltr'>Fragm.</span> 
     </span>
     <span class='ocr_line' id='line_1_37' title="bbox 271 4044 1307 4136; baseline 0.001 -24"><span class='ocrx_word' id='word_1_316' title='bbox 271 4049 314 4113; x_wconf 90' lang='lat' dir='ltr'>V.</span> <span class='ocrx_word' id='word_1_317' title='bbox 329 4068 384 4133; x_wconf 75' lang='lat'>12·</span> <span class='ocrx_word' id='word_1_318' title='bbox 398 4070 470 4136; x_wconf 78' lang='lat' dir='ltr'>quae</span> <span class='ocrx_word' id='word_1_319' title='bbox 487 4047 547 4110; x_wconf 89' lang='lat' dir='ltr'>suis</span> <span class='ocrx_word' id='word_1_320' title='bbox 567 4046 646 4111; x_wconf 89' lang='lat' dir='ltr'>locis</span> <span class='ocrx_word' id='word_1_321' title='bbox 661 4069 681 4109; x_wconf 83' lang='lat' dir='ltr'>a</span> <span class='ocrx_word' id='word_1_322' title='bbox 700 4046 790 4111; x_wconf 92' lang='lat' dir='ltr'>nobis</span> <span class='ocrx_word' id='word_1_323' title='bbox 804 4044 1016 4110; x_wconf 84' lang='lat' dir='ltr'>animadversa</span> <span class='ocrx_word' id='word_1_324' title='bbox 1037 4045 1119 4110; x_wconf 89' lang='lat' dir='ltr'>sunt.</span> <span class='ocrx_word' id='word_1_325' title='bbox 1156 4045 1307 4113; x_wconf 87' lang='lat' dir='ltr'>Aliorum</span> 
     </span>
     <span class='ocr_line' id='line_1_38' title="bbox 272 4146 1304 4234; baseline 0.001 -21"><span class='ocrx_word' id='word_1_326' title='bbox 272 4148 418 4214; x_wconf 84' lang='lat' dir='ltr'>disertius</span> <span class='ocrx_word' id='word_1_327' title='bbox 440 4147 622 4233; x_wconf 90' lang='lat' dir='ltr'>apponendi</span> <span class='ocrx_word' id='word_1_328' title='bbox 636 4147 714 4212; x_wconf 86' lang='lat' dir='ltr'>loci:</span> <span class='ocrx_word' id='word_1_329' title='bbox 740 4146 880 4211; x_wconf 91' lang='lat' dir='ltr'>Platonis</span> <span class='ocrx_word' id='word_1_330' title='bbox 895 4149 975 4233; x_wconf 84' lang='lat' dir='ltr'>Leg.</span> <span class='ocrx_word' id='word_1_331' title='bbox 991 4147 1087 4211; x_wconf 91' lang='lat' dir='ltr'>Vlll.</span> <span class='ocrx_word' id='word_1_332' title='bbox 1110 4170 1143 4234; x_wconf 89' lang='lat' dir='ltr'>p.</span> <span class='ocrx_word' id='word_1_333' title='bbox 1157 4148 1233 4214; x_wconf 81' lang='lat'>628.</span> <span class='ocrx_word' id='word_1_334' title='bbox 1252 4151 1304 4214; x_wconf 76' lang='lat' dir='ltr'>Ae</span> 
     </span>
    </p>
   </div>
   <div class='ocr_carea' id='block_1_5' title="bbox 271 4247 1304 4341">
    <p class='ocr_par' dir='ltr' id='par_1_7' title="bbox 271 4247 1304 4341">
     <span class='ocr_line' id='line_1_39' title="bbox 271 4247 1304 4341; baseline 0.003 -29"><span class='ocrx_word' id='word_1_335' title='bbox 271 4253 319 4328; x_wconf 73' lang='lat' dir='ltr'>rip</span> <span class='ocrx_word' id='word_1_336' title='bbox 338 4251 388 4331; x_wconf 78' lang='grc' dir='ltr'>μὲν</span> <span class='ocrx_word' id='word_1_337' title='bbox 402 4250 509 4316; x_wconf 61' lang='lat' dir='ltr'>mucor</span> <span class='ocrx_word' id='word_1_338' title='bbox 523 4253 697 4334; x_wconf 73' lang='lat' dir='ltr'>orprrsteir,</span> <span class='ocrx_word' id='word_1_339' title='bbox 711 4250 744 4315; x_wconf 79' lang='lat' dir='ltr'>ri</span> <span class='ocrx_word' id='word_1_340' title='bbox 757 4247 897 4333; x_wconf 71' lang='grc' dir='ltr'><strong>γενόμενον</strong></span> <span class='ocrx_word' id='word_1_341' title='bbox 916 4249 943 4313; x_wconf 76' lang='grc' dir='ltr'>δὲ</span> <span class='ocrx_word' id='word_1_342' title='bbox 956 4247 1088 4315; x_wconf 62' lang='lat' dir='ltr'>stertas</span> <span class='ocrx_word' id='word_1_343' title='bbox 1101 4273 1144 4330; x_wconf 79' lang='grc' dir='ltr'>τε,</span> <span class='ocrx_word' id='word_1_344' title='bbox 1159 4248 1211 4315; x_wconf 69' lang='grc' dir='ltr'><strong>οἷον</strong></span> <span class='ocrx_word' id='word_1_345' title='bbox 1225 4276 1304 4341; x_wconf 72' lang='lat' dir='ltr'>snpr-</span> 
     </span>
    </p>
   </div>
   <div class='ocr_carea' id='block_1_6' title="bbox 0 0 1354 4928">
    <p class='ocr_par' dir='ltr' id='par_1_8' title="bbox 0 0 1354 4928">
     <span class='ocr_line' id='line_1_40' title="bbox 0 0 1354 4928; baseline 0 0"><span class='ocrx_word' id='word_1_346' title='bbox 0 0 1354 4928; x_wconf 95' lang='lat' dir='ltr'> </span> 
     </span>
    </p>
   </div>
  </div>
 </body>
</html>
