2700 4928
394 329 448 389 nu
469 328 789 389 surunsrmouu.
802 330 945 405 p.17o.u.
1109 336 1182 386 1031

149 485 212 552 cli!
233 487 322 555 ἆίἂο
340 512 394 577 ap.
409 491 519 557 Schol.
535 490 644 578 Apoll.
663 489 766 557 Rhod.
785 491 829 554 Il.
847 508 948 575 1213:
971 486 1123 551 -xuseuoe
1142 494 1181 552 ir·

149 593 202 676 ede
219 591 352 676 τριόδους,
365 591 576 674 ςιφαιαισαμέιη
594 594 667 677 δρυσὶ
686 594 707 677 ’d
727 594 862 665 πλεκτοῖς
875 592 956 672 ὥμῶι
969 585 1093 674 m'ppoi
1112 591 1180 675 δςα·

149 689 263 756 ao'mv.
298 695 348 757 Ita
359 694 540 758 Brunckius
554 693 655 757 edidit
667 694 706 758 Τ.
717 694 761 757 11.
778 696 803 758 F
803 714 905 779 ragm.
917 713 950 777 p.
964 707 1019 774 27:
1035 704 1069 754 at
1080 690 1179 755 Valc-

147 791 303 858 kenarius
325 794 357 859 in
380 794 520 860 Dintrib.
543 816 574 880 p.
592 798 663 878 167.
681 794 797 859 ιαῖασα.
832 793 919 857 Hinc
940 792 1080 878 δᾳδοφόρος
1097 793 1180 858 Bac·

148 892 291 980 chylidae
321 895 439 960 dicitur
464 895 552 981 apud
579 895 687 961 Schol.
717 894 827 981 Apoll.
854 893 959 959 Rhod.
984 895 1046 958 111.
1068 913 1101 975 4.
1123 895 1178 977 67.

146 1015 246 1080 quem
266 999 403 1063 correxit
422 998 633 1064 Ruhnkenius
651 998 693 1062 ad
715 999 840 1086 Hymn.
858 997 890 1062 in
910 995 984 1061 Cer.
1000 1014 1052 1078 24.
1065 997 1178 1060 Ἑκάτα

146 1095 301 1184 inritusque,
315 1100 425 1173 Νυκτὸς
439 1098 642 1184 μιγαλοαόλπιι
655 1099 791 1184 θύγατερ·
814 1096 868 1161 ubi
881 1095 1087 1178 μιλαιιαόλποιι
1101 1096 1177 1161 scri·
1242 1127 1244 1130 ·

147 1195 293 1261 bendum
307 1212 430 1283 putem.
467 1201 584 1285 Neque
603 1221 675 1264 vero
689 1199 709 1263 fi
725 1199 795 1284 quis
806 1186 899 1285 'legat
912 1195 1109 1276 ἁιααιαίσαει,
1123 1219 1175 1262 re-

146 1317 292 1384 pugnem
304 1325 313 1377 3
340 1301 462 1364 rodendi
484 1300 573 1365 notio
592 1322 656 1366 non
678 1294 828 1365 abhorret
847 1322 867 1363 a
887 1321 921 1364 re
941 1298 1118 1385 proposita:
1141 1311 1176 1365 et

143 1397 217 1485 ipsiu
233 1401 398 1486 puerperis
417 1400 551 1466 dabatur
570 1400 690 1465 malum
710 1400 797 1487 quod
814 1401 960 1479 roderent,
973 1401 1057 1486 quasi
1074 1399 1104 1465 se
1119 1423 1174 1464 ro·

145 1498 255 1565 dendo
268 1501 412 1567 adversus
438 1501 604 1567 rodentem
620 1503 725 1566 Deam
742 1514 928 1567 tuerentur:
952 1501 1050 1587 quod,
1065 1501 1098 1565 ni
1112 1502 1173 1566 sa]-

144 1601 206 1681 lor,
223 1602 355 1667 Plautus
372 1603 543 1690 significare
561 1603 661 1669 voluit
681 1602 920 1691 Amphitryone
935 1603 979 1665 11.
996 1620 1026 1667 2.
1040 1622 1098 1687 91:
1122 1603 1173 1667 E-

143 1702 204 1766 ιιὶιιι
226 1728 300 1768 vero
318 1704 492 1791 praegnanti
513 1716 641 1792 opportet
658 1717 685 1767 et
702 1704 814 1769 malum
836 1717 864 1768 et
884 1703 995 1767 malum
1015 1703 1085 1766 dari
1095 1727 1106 1784 3
1133 1703 1173 1768 Ut

141 1804 223 1890 quod
235 1803 370 1883 obrodat,
382 1804 441 1889 fit,
455 1804 553 1867 animo
563 1805 599 1889 ſs
608 1803 686 1867 masc
699 1805 751 1892 ff
764 1803 922 1891 occoeperit.

185 1904 251 1968 Sed
273 1905 416 1991 quamvis
437 1905 503 1990 ipsa
524 1904 637 1991 praeses
654 1904 823 1990 puerperii,
846 1917 953 1967 temen
971 1902 1025 1989 qui
1043 1902 1076 1966 id
1094 1903 1171 1968 atti·

140 2003 271 2091 giffenn
289 2019 323 2069 et
340 2006 421 2091 ipsas
439 2029 620 2094 puerperas,
636 2007 844 2084 aversabatur,
866 2017 899 2069 et
920 2019 1084 2091 tamquam
1106 2005 1169 2069 im·

138 2125 239 2190 puros
257 2126 277 2168 a
295 2105 389 2170 sacris
403 2107 465 2171 suis
478 2109 615 2172 arcebat.
651 2110 760 2193 Atque
782 2106 847 2170 huc
867 2104 990 2171 videtur
1004 2105 1103 2171 totius
1116 2128 1168 2171 ar·

138 2218 333 2290 gumentum
347 2206 520 2293 fragmenti
534 2206 685 2293 speritate,
699 2204 786 2294 quod
799 2207 871 2270 Dea
887 2207 1029 2291 ἰιιιρυιοι
1043 2228 1080 2270 ac
1095 2206 1167 2294 pol-

138 2303 227 2370 lutos
251 2305 358 2392 aliqua
380 2308 522 2392 corporis
543 2321 633 2394 parte
656 2307 801 2372 homines
822 2329 949 2389 vexans,
972 2319 1078 2372 tamen
1101 2308 1168 2394 ipsa

138 2403 172 2471 in
187 2409 407 2494 purgamentis
422 2410 587 2475 triviorum
602 2411 749 2475 versetur.
787 2408 896 2496 Hujus
913 2411 956 2475 est
969 2409 1167 2496 reprehensio

138 2508 302 2595 Euripidis
316 2509 348 2573 in
361 2510 497 2575 Dianam
515 2511 621 2598 lpbig.
636 2514 732 2577 Taur.
743 2513 829 2596 380:
851 2516 898 2575 Ta
911 2517 959 2589 τῆς
970 2517 1033 2576 θεοῦ
1048 2513 1074 2576 ti
1087 2512 1164 2598 μ’μ-

138 2626 224 2691 ρομιιι
245 2609 420 2692 σοφίσματα,
436 2608 534 2691 ’Ἧτις,
553 2615 657 2698 βροτῶν
677 2613 727 2694 μὲν
740 2610 774 2676 ἄν
785 2639 827 2687 τις
844 2611 949 2692 ἅψηται
966 2612 1043 2693 pdve,
1056 2613 1100 2679 Ἢ
1116 2614 1164 2678 iai

138 2711 263 2796 λοχείας,
279 2709 295 2786 i
308 2721 399 2798 νεκροῦ
412 2712 480 2799 θίγῃ
497 2716 604 2800 χεροῖν,
619 2718 724 2794 Βωμῶν
743 2713 877 2799 ἀπέργει,
897 2716 1020 2800 μυσαρὸν
1034 2717 1070 2788 ὥς
1088 2721 1162 2799 ἡγι-

138 2811 213 2887 nim.
248 2815 325 2890 Αὐτὴ
348 2813 375 2875 δί
403 2812 513 2887 θυσίαις
537 2815 626 2892 ἥδεται
651 2814 838 2901 βςιῖοκτόιιις.
873 2813 1104 2898 'liieophrastus
1128 2812 1162 2880 in

138 2910 327 2976 Charadtere
355 2913 580 2998 Superstitiofi:
608 2912 712 2977 -ιῦτι
737 2912 856 2993 &resim
881 2914 1016 2996 μνήματι,
1040 2911 1094 2979 οὔτ’
1118 2917 1160 2980 ὅτι

138 3014 223 3098 ιιαρόι
242 3017 341 3094 ἐλθεῖν,
362 3012 415 3077 οὔτ’
432 3016 474 3076 ἐπὶ
493 3014 584 3100 λα’χι,
599 3015 654 3078 ubi
671 3014 754 3079 sorte
767 3013 941 3102 legendum
956 3016 999 3077 ἐπὶ
1012 3013 1104 3103 naxo),
1119 3018 1165 3081 ad

138 3127 317 3202 tuerperom,
335 3113 498 3180 Cornutus
518 3139 552 3202 p.
568 3134 642 3201 232.
679 3115 873 3203 Porphyrius
894 3118 946 3181 De
960 3117 1084 3183 Abstin.
1100 3119 1159 3186 IV.

138 3217 185 3282 16.
210 3237 242 3300 p.
257 3234 333 3299 353.
356 3215 388 3278 in
411 3215 573 3280 Eleusiniis
588 3215 751 3301 proditum
770 3216 886 3302 scripsit
904 3219 952 3281 aad
966 3218 1060 3297 ὶπίσης
1072 3247 1158 3304 μεμι-

138 3316 213 3395 {runo
225 3322 265 3401 τῷ
281 3342 313 3379 τι
331 3316 422 3402 λᾶας
434 3314 567 3397 duodus,
582 3320 618 3392 ὠς
630 3323 670 3403 τῷ
685 3317 848 3395 θνησειδίων·
871 3331 899 3383 et
917 3343 1001 3407 aeque
1017 3322 1158 3407 contumi-

138 3421 201 3484 um'
219 3427 300 3484 tutin
318 3434 471 3506 puerpera
484 3432 511 3485 ct
527 3420 701 3485 animalium
715 3435 905 3505 ntortunrum3
929 3422 975 3489 ita
985 3425 1071 3492 enim
1085 3447 1158 3490 cor·

138 3519 301 3606 rigendum
315 3532 478 3605 praeeunte
492 3521 608 3606 partim
626 3521 830 3593 eruditisiimo
843 3524 1030 3598 Abreschio.
1066 3524 1157 3590 Idem

138 3621 250 3685 ibidem
272 3642 306 3707 p.
321 3623 397 3705 365.
420 3622 553 3708 apponit
572 3622 732 3709 Euripidis
756 3623 863 3690 locum
886 3625 1020 3693 relatum
1043 3627 1158 3691 Grotio

138 3725 278 3808 Excerpt.
302 3744 335 3808 p.
349 3742 425 3808 39¹·
461 3724 644 3810 Musgravio
661 3726 699 3790 Τ.
717 3725 779 3790 ΙΙΙ.
803 3746 836 3811 p.
849 3743 926 3811 557.
940 3727 995 3792 ubi
1009 3742 1157 3797 montana

138 3822 207 3886 Dea
228 3822 425 3887 mentionem
448 3823 566 3888 faciens
588 3824 688 3911 mysta
707 3825 794 3891 Jovie
812 3826 902 3905 ldaei,
925 3826 1009 3894 illiue
1027 3849 1156 3914 quoque

138 3922 322 3993 tbstinentiae
337 3922 524 4011 religionem
540 3924 642 3991 canit:
664 3929 793 4013 -μαιρὶ
810 3931 836 3991 τ’
856 3926 927 4018 ipe'qt
946 3930 1027 4015 δᾷδας
1040 3927 1155 4012 ἂιαχῶι

138 4024 319 4088 -σᾶιλιυκα
333 4026 353 4086 δ’
368 4024 440 4110 ἔχων
460 4025 562 4106 εἵματα
577 4024 682 4110 φιῦγιι,
700 4027 807 4111 γένεσίν
823 4053 853 4091 τε
868 4030 983 4114 βροτῶν,
1000 4027 1046 4108 nai
1060 4053 1153 4116 vuapo-

138 4124 211 4201 bixns
225 4128 254 4187 ου’
269 4126 517 4210 χριμπῖόμενοςὲ·
542 4124 656 4200 diserte
669 4127 762 4191 vertit
777 4125 909 4191 Grotius
927 4127 1053 4216 -fhgio
1070 4130 1154 4192 Par-

138 4247 172 4290 us
187 4225 346 4309 hominum,
358 4249 485 4343 putaque
494 4225 628 4324 fipultos
641 4225 839 4292 Μοιιιιιιιιιιια
852 4239 961 4294 tenent.
996 4230 1069 4297 Jam
1084 4230 1153 4297 Tri-

593 4345 613 4413 3
633 4346 655 4390 ¹¹
669 4345 692 4407 4
1151 4351 1155 4358 '
