2700 4928
147 420 152 431 ι
278 362 356 416 1141
469 352 1136 419 D.W.AN1MADV.1NPL1ffAttcffi

279 518 364 583 eiam
387 533 421 586 et
438 520 543 586 Afiam
564 521 738 608 profectus,
759 519 973 587 Athenienses
990 528 1132 605 propter
1144 528 1239 579 vetur
1251 532 1318 599 crgo

280 623 462 688 Antonium
483 638 516 687 et
532 624 738 711 Cleopatram
760 622 911 702 studium,
933 620 1073 708 AEgina,
1090 614 1226 683 Eretria
1244 614 1317 679 aliis·

282 747 345 811 que
366 726 455 789 terrie
475 726 603 791 illorum
623 749 756 791 munere
776 722 930 811 accepiie.
949 721 1152 797 111111811νὶ11
1176 719 1252 785 tetie
1264 716 1316 783 Di·

193 824 196 829 ⁴
282 848 345 891 one
360 826 463 892 Caffio
478 829 564 893 LIV.
583 848 613 912 7.
635 827 691 914 qui
714 842 867 892 caetemm
885 825 918 889 in
941 827 1041 889 Samo
1055 845 1136 887 eum
1153 817 1317 886 hibernali

282 926 390 990 tradit.
427 929 634 1016 Qumnquam
651 929 720 993 haec
737 927 886 994 Corfinua
900 926 980 992 rest.
997 923 1107 990 Attie.
1121 922 1204 987 Vol.
1220 922 1276 987 IV.
1287 942 1315 1007 p.

284 1043 356 1112 137.
373 1042 406 1092 et
424 1048 495 1110 ¹44·
512 1028 543 1092 in
560 1030 642 1095 duos
657 1028 795 1095 diversos
812 1050 914 1093 anuos
929 1026 984 1093 01.
1001 1024 1232 1090 CLXXXIX.
1249 1042 1276 1089 1.
1287 1034 1316 1087 et

283 1128 388 1193 CXC.
407 1151 435 1195 1.
460 1129 626 1218 disjunxit,
649 1131 738 1196 nulla
754 1129 885 1219 quidem
905 1128 1029 1194 reddita
1049 1127 1195 1192 ratione.
1228 1122 1315 1215 Quod

281 1245 391 1296 autem
417 1231 604 1297 Plutarchus
624 1234 681 1312 ait,
697 1234 878 1320 Augustum
900 1229 1160 1296 Atheniensibus
1179 1228 1225 1293 nil
1243 1226 1314 1293 mua

283 1356 343 1399 nee
358 1335 474 1412 fecisse,
492 1357 552 1400 nec
567 1336 686 1415 dixiffe,
704 1336 827 1400 fortasse
842 1333 914 1422 quis
934 1346 1040 1419 putet,
1064 1330 1167 1417 hujus
1183 1330 1230 1395 rei
1242 1342 1313 1395 tem·

284 1456 346 1522 put
364 1437 565 1502 referendum
586 1438 646 1503 effe
664 1437 706 1505 ad
719 1437 857 1502 hiemem
874 1456 992 1522 pugnae
1010 1434 1162 1499 Aeiiacre
1178 1432 1313 1518 deincep·

284 1539 475 1625 proximam,
491 1562 557 1626 quo
581 1556 726 1626 tempore
744 1537 956 1603 Athenienses
973 1534 1124 1601 nondum
1147 1534 1311 1599 mulctare·

286 1653 347 1705 rat.
385 1640 448 1705 Sed
472 1641 504 1704 in
527 1640 663 1704 aliorum
686 1641 884 1727 Scriptorum
907 1636 1090 1703 haedere
1114 1636 1249 1713 filentio,
1263 1635 1310 1699 tia·

285 1754 376 1806 tuere
399 1764 463 1806 non
485 1741 572 1807 licet.
610 1741 742 1807 Dietum
765 1739 901 1828 Augusti
922 1740 1008 1804 recle
1029 1738 1128 1802 vertit
1148 1736 1310 1826 Xylanden

86 1820 89 1829 Ι
160 1900 164 1909 ,
286 1842 429 1928 Existimo
445 1869 504 1908 non
515 1869 569 1908 vos
579 1844 709 1930 fallare,
729 1869 773 1908 me
794 1844 880 1930 uesci
900 1842 1009 1907 vobis.-
1034 1856 1070 1907 et
1094 1842 1168 1907 sane
1185 1842 1312 1930 oirhqsae

280 1957 402 2033 putare,
424 1945 497 2010 satis
511 1946 634 2010 bonum
656 1946 779 2011 sensum
795 1945 889 2031 parit,
904 1943 1073 2008 meliorem
1093 1960 1205 2009 tomen
1227 1944 1309 2009 etiam

284 2048 437 2126 βοόλιῶαρ,
457 2046 546 2134 quod
564 2046 621 2112 dat
641 2048 833 2114 Harleianus
848 2045 961 2112 codex.
998 2045 1078 2112 Nolo
1092 2072 1150 2111 vos
1164 2047 1308 2136 ignorare:

284 2173 343 2237 pro
365 2152 473 2230 αὐτοὺς,
497 2151 581 2217 idem
602 2165 637 2217 et
652 2156 730 2220 Jun.
754 2152 875 2217 habent
888 2154 963 2239 πρὸς
980 2153 1093 2232 αὐτοὺς,
1110 2152 1200 2219 Votl'.
1221 2154 1308 2230 ωὶτοῐς,

282 2274 420 2339 quorum
436 2267 585 2316 neutrum
601 2253 802 2341 requirimus.

328 2372 401 2437 207.
418 2357 453 2417 F.
477 2352 535 2438 ιδῆ]
562 2355 718 2442 Euryclea
734 2353 997 2420 Lacedaemonius
1009 2352 1064 2419 hic
1079 2354 1125 2418 est
1140 2352 1241 2441 quiin
1256 2373 1306 2439 pu-

282 2476 349 2542 gna
368 2456 409 2519 ad
428 2454 560 2518 Aetium
583 2476 642 2541 pro
665 2456 789 2522 Caesare
811 2455 980 2533 dimicans,
1001 2455 1171 2543 egregiam
1192 2474 1307 2541 operam

285 2555 420 2634 navavit,
439 2570 472 2620 et
490 2557 668 2621 Antonium
691 2559 871 2645 fugientem
890 2558 1052 2622 insecutus
1067 2560 1133 2622 est:
1159 2574 1197 2623 ut
1211 2559 1242 2623 in
1255 2558 1306 2621 hu·

278 2656 334 2745 jus
346 2657 422 2722 Vna
438 2655 546 2742 prodit
560 2658 749 2725 Plutarchus
765 2681 798 2745 p.
811 2676 886 2743 947.
903 2661 946 2736 A,
959 2661 998 2724 B.
1033 2661 1107 2725 Nec
1121 2660 1257 2725 diversus
1269 2658 1306 2722 vi·

285 2759 379 2824 detur
399 2758 459 2822 else
481 2758 520 2835 is,
543 2758 598 2845 qui
616 2760 702 2847 apud
722 2759 885 2825 Herodem
901 2760 1091 2826 ludaeorum
1116 2784 1225 2849 regem
1242 2781 1305 2848 gra·

285 2862 395 2940 tiosua,
412 2860 494 2925 filios
515 2860 583 2947 ejus
605 2861 832 2927 calumniando
851 2862 883 2926 in
898 2861 1070 2949 capitalem
1090 2862 1239 2928 invidiam
1258 2859 1304 2926 ad-

286 2961 388 3041 duxit,
403 2961 553 3047 cognitus
573 2963 665 3027 nobis
679 2985 717 3027 ex
731 2964 870 3050 Josepho
886 2965 998 3051 Antiq.
1014 2963 1093 3031 Jud.
1110 2967 1204 3030 XVI.
1223 2982 1304 3029 10.1.

284 3061 338 3125 ubi
353 3061 450 3125 etiam
465 3060 594 3140 dicitur,
615 3061 713 3151 postea
732 3064 776 3127 bis
795 3088 810 3126 e
828 3064 929 3153 patria
951 3064 1167 3129 Lacedaemom
1186 3062 1305 3154 expulsas

283 3163 357 3246 effe:
385 3176 418 3225 et
440 3162 522 3226 Bell.
540 3163 615 3228 Jud.
633 3165 729 3245 1916.
743 3185 784 3246 41
808 3167 846 3239 δὶς
860 3172 926 3250 γοῦν
942 3167 983 3227 ἐπὶ
999 3166 1148 3251 Καίσαρος
1164 3191 1305 3251 myope·

284 3267 341 3340 θεὶς
362 3266 404 3328 irrl
424 3272 464 3350 τῷ
483 3266 590 3341 falcem
606 3270 745 3347 ἕμκκλῆσαφ
761 3273 808 3346 τὴν
821 3268 948 3354 Ἀχαΐαν
967 3267 1013 3347 καὶ
1033 3271 1175 3357 περιδύειν
1192 3266 1306 3344 1314σό-

284 3385 351 3450 λος,
367 3369 557 3453 popularium.
596 3369 750 3435 Meminit
764 3386 798 3435 et
812 3372 926 3435 Strabo
943 3385 979 3435 ut
995 3370 1154 3459 principis
1169 3369 1306 3438 Iacedae·

283 3470 474 3536 moniorum·
488 3470 541 3533 sua
563 3483 657 3534 aetate
680 3472 776 3535 Vlll.
800 3494 834 3558 p.
854 3472 929 3557 558.
949 3473 997 3537 Bt
1023 3472 1178 3559 llpo'mou
1198 3475 1224 3537 li
1243 3474 1307 3536 ml

282 3573 356 3636 re'ra
373 3573 491 3659 Κύθηρα
510 3577 536 3636 ἐν
554 3572 753 3661 τπῖαςᾶκοπα
768 3573 869 3648 ςαδίοις
883 3579 959 3650 νῆσος
971 3574 1111 3656 εὐλίμενος
1124 3576 1213 3641 πόλιν
1226 3577 1308 3663 ἔχεσι

284 3676 432 3759 ὁμώνυμον·
459 3675 489 3752 ἢν
506 3675 569 3762 ἔχεν
585 3679 728 3762 Εὐρυκλῆς
749 3679 776 3738 ir
796 3676 871 3764 pigo
891 3677 1011 3753 κτήσεως
1031 3677 1113 3756 ἰδίας,
1133 3685 1148 3741 d
1170 3683 1329 3767 1111811111Ι

283 3788 337 3841 τῶν
356 3778 579 3860 Λακεδαιμονίων
601 3777 722 3863 ἡγεμών·
746 3790 780 3841 et
802 3799 835 3864 p.
851 3780 926 3863 562.
948 3779 996 3842 B:
1021 3781 1158 3853 Nacoflh'
1182 3784 1307 3869 Eripuit

283 3881 381 3955 αὐτοὺς
401 3879 517 3966 ἐτάραξε
540 3877 618 3956 δέξας
638 3878 847 3964 &amirchai
867 3881 904 3964 τῇ
924 3877 1069 3965 Καίσαρος
1084 3881 1167 3968 φιλίᾳ
1184 3883 1306 3965 ariperti

281 3980 392 4068 μετρίου
406 3981 477 4066 πρὸς
492 3984 540 4057 τὴν
560 3978 706 4052 ὂπιςασῖαν
719 3983 820 4044 αὐτῶν.
858 3981 930 4046 Nec
945 3981 1102 4067 preteriit
1117 4006 1193 4050 eum
1207 3987 1304 4049 Meur·

283 4084 342 4147 sms
357 4085 408 4148 De
424 4086 536 4168 Regno
551 4080 667 4144 Laced.
683 4082 777 4145 XXl.
800 4102 834 4167 p.
850 4083 905 4168 96.
941 4081 1049 4168 lgitur
1064 4083 1097 4148 in
1117 4107 1184 4150 una
1197 4084 1305 4149 illarum

283 4183 535 4260 accusationmn,
546 4181 659 4269 judice
675 4181 810 4261 Caesare,
827 4182 990 4247 accusator
1007 4205 1048 4247 ex
1066 4185 1204 4251 Brasrdre
1219 4182 1304 4273 potic-

280 4284 324 4352 ris
338 4284 484 4365 ultimus,
497 4285 531 4349 in
548 4284 719 4373 Euryelem
735 4285 900 4365 invehena3
914 4283 945 4351 ei
957 4285 1096 4353 Brafidae
1111 4289 1222 4356 laude·
1234 4281 1302 4371 obji-

372 4492 527 4558 A
