2700 4928
295 354 498 422 ΔΡΟΡΗῚῊ.
512 357 603 419 REG.
616 359 669 418 ΕΤ
680 352 777 419 Duc.
795 360 1007 436 proco-r.
1093 368 1171 437 troo

172 536 256 590 202.
271 524 315 589 A.
338 523 394 607 αἲ]
418 525 456 588 ln
478 523 557 588 Vita
576 522 675 589 Marii
696 544 729 610 p.
743 523 878 606 408.-A.
898 522 1043 611 pluribus
1057 525 1177 592 verbior

138 623 234 714 Quod
248 625 428 692 notavimus
442 635 584 714 ςρατειῶο,
598 625 654 691 dat
667 626 765 691 etiam
780 626 874 692 Harl.

178 746 256 796 202.
270 728 309 793 Β.
332 726 389 814 d]
418 729 457 793 In
479 728 559 793 Vita
578 727 677 794 Marii
697 751 732 816 p.
745 729 821 810 408.
837 731 876 793 E.
912 729 1024 794 Refert
1045 752 1179 818 quoquc,

138 827 256 896 Cicero
277 830 372 897 Tusc.
398 831 443 895 ΙΙ.
465 850 517 913 14.
538 850 591 897 21.
629 830 749 897 Plinius
767 831 1043 917 H.N.x‚1.105.
1065 833 1177 920 ibique

138 930 359 1009 lietduinus.
1121 988 1125 995 .

179 1053 258 1100 202.
274 1034 312 1099 B.
335 1031 394 1120 γ’.]
419 1035 457 1098 ln
472 1034 550 1099 Vita
563 1032 661 1098 Marii
675 1055 708 1120 p.
723 1036 799 1117 416.
813 1035 859 1100 A.
895 1034 1011 1100 Cicero
1031 1037 1089 1102 Or.
1104 1035 1175 1102 Mi·

138 1132 206 1201 lon.
224 1136 284 1201 IV.
304 1135 394 1201 nullo
415 1136 484 1201 caefi
507 1158 567 1201 nec
589 1135 801 1202 interfectoris
818 1137 969 1203 nomine:
992 1136 1062 1202 aliis
1076 1138 1176 1203 Vale·

138 1234 205 1303 titre
228 1237 318 1301 Max.
342 1237 403 1301 VI.
424 1257 454 1300 1.
478 1255 539 1303 12:
566 1234 633 1299 Hoc
650 1237 743 1300 novit
764 1237 799 1303 C.
814 1237 956 1301 Marium
974 1237 1176 1326 imperatorem

138 1348 215 1416 lum,
232 1361 298 1400 cum
321 1337 357 1402 C.
371 1338 519 1425 Luscium,
531 1337 644 1426 sororis
655 1336 856 1426 sitaefilium,
877 1338 1027 1403 tribunum
1048 1339 1178 1411 militum

138 1462 160 1505 a
175 1439 215 1506 C.
230 1438 326 1504 Plotio
341 1439 542 1527 manipulario
554 1438 649 1503 milite
658 1440 733 1528 juro
747 1440 854 1527 caesum
863 1441 1087 1527 pronunciavit,
1103 1435 1180 1530 quiri

138 1566 206 1609 rm
228 1543 265 1607 de
273 1541 380 1631 stupro
401 1542 572 1630 compellare
590 1543 678 1628 crisos
685 1539 808 1628 ficerat.
845 1542 920 1607 Hoc
938 1542 1052 1629 aliquio
1066 1544 1178 1611 rhetor

138 1656 371 1732 trgumentum
385 1644 466 1708 lecit
486 1642 675 1710 defensionis
696 1642 754 1725 rei,
775 1665 848 1732 que
866 1643 951 1710 inter
967 1645 1178 1733 Quintiilioni

138 1745 402 1814 Declcumtiones
416 1747 518 1811 fertur
533 1746 595 1810 ΙΙΙ.

185 1867 263 1915 202.
279 1847 320 1921 C.
343 1846 392 1933 οἲ]
418 1850 456 1913 ln
470 1847 547 1914 Vita
561 1846 658 1913 Marii
679 1868 713 1934 p.
727 1849 804 1932 416.
818 1847 862 1914 A.
898 1849 1067 1917 Frontinus
1083 1854 1129 1918 ll.
1144 1870 1177 1941 7..

142 1970 199 2019 12.

185 2071 262 2120 202.
278 2052 319 2117 C.
341 2050 388 2137 t]
418 2053 457 2116 ln
476 2051 554 2117 Vita
574 2049 673 2116 Marii
695 2071 728 2138 p.
742 2069 819 2131 421.
834 2053 874 2117 Ε.
912 2051 1027 2119 Cicero
1041 2055 1101 2121 Or.
1118 2058 1179 2130 Pro

138 2148 246 2225 Balbo
262 2156 338 2221 XX.
374 2154 522 2222 Valerius
537 2155 627 2219 Max.
641 2154 685 2219 V.
701 2173 731 2221 2.
747 2154 779 2219 8.

186 2278 263 2328 202.
278 2259 324 2324 D.
346 2257 399 2346 52]
431 2259 469 2321 ln
485 2257 562 2323 Vna
577 2256 675 2321 Marii
695 2278 730 2344 p.
745 2275 821 2338 424.
835 2257 889 2337 D;
911 2256 968 2322 ubi
981 2257 1100 2347 legitur
1112 2262 1178 2326 llo·

139 2361 227 2429 nitro
239 2361 373 2440 Σίλωνος,
388 2376 426 2425 ut
441 2381 555 2447 margo
569 2357 657 2424 Vols.
673 2357 737 2424 hoc
759 2359 854 2425 1000:
878 2360 968 2425 Mer.
984 2375 1077 2427 notat
1090 2369 1177 2446 Πομ-

138 2464 231 2545 ηΐυο
254 2462 418 2551 vulgatam
432 2461 553 2526 servant
568 2460 676 2525 caeteri
689 2458 774 2539 libri,
789 2460 843 2524 nili
859 2461 945 2548 quod
959 2469 1007 2526 τοῦ
1021 2463 1181 2532 omittunt

140 2564 231 2633 Vcn.
245 2579 280 2631 et
293 2562 387 2629 Harl.
423 2564 509 2630 Vera
530 2563 572 2627 est
595 2561 748 2649 scriptura
769 2561 946 2644 Πομπαίδιος
966 2563 1072 2645 Σίλων,
1089 2580 1127 2632 ut
1145 2567 1181 2633 in

141 2666 222 2735 vro
239 2665 373 2732 Catonis
392 2655 477 2730 Min.
501 2685 533 2750 p.
550 2666 624 2747 760.
638 2665 677 2727 B.
698 2677 732 2729 et
749 2663 830 2727 Livii
848 2664 999 2750 Epitome
1012 2668 1179 2753 LXXV13

143 2766 204 2835 ubi
218 2768 299 2833 item
313 2767 431 2833 docent
443 2764 575 2830 Delriuo
589 2778 624 2829 et
638 2763 935 2831 Drakenborchiuc.

186 2890 262 2943 202,
278 2872 323 2937 D.
356 2873 527 2934 ΚΑΤΛΟΥ
557 2866 825 2951 domum]
860 2867 1011 2933 Sumtum
1040 2890 1080 2934 ex
1103 2868 1181 2943 Vita

143 2972 245 3041 Marii
259 2992 293 3058 p.
304 2971 380 3054 418.
399 2971 434 3035 F.

189 3091 265 3142 202.
278 3073 318 3137 Ε.
339 3072 532 3156 motor]
554 3068 689 3149 Mirum,
704 3079 742 3135 ut
757 3068 890 3157 scriptor
905 3067 1004 3157 hujus
1020 3069 1092 3137 libri
1107 3072 1181 3139 nul-

144 3175 212 3242 tam
231 3173 390 3239 rationem
409 3172 523 3239 habuit
539 3172 622 3239 vitae
637 3171 756 3261 Syllae3
781 3172 813 3237 in
828 3195 892 3261 qua
906 3174 1010 3239 multa
1021 3189 1117 3242 acute
1130 3177 1183 3242 di·

146 3278 201 3345 &a
220 3277 352 3342 exstant.
388 3276 475 3342 Nam
490 3297 531 3338 ne
545 3273 608 3340 hoc
624 3273 766 3363 quidem,
782 3274 869 3360 quod
884 3297 986 3347 unum
1007 3275 1064 3343 sub
1084 3277 1182 3366 Sylla

147 3378 281 3447 nomine
295 3377 349 3445 tte
364 3376 521 3464 proditur,
537 3375 651 3440 diserte
673 3374 705 3440 in
728 3375 797 3463 ejus
816 3375 880 3440 vita
897 3391 1112 3441 memoratum
1130 3400 1182 3441 re·
1300 3421 1316 3441 ..

147 3481 305 3570 perimus.
342 3481 387 3544 Et
402 3478 490 3566 quod
512 3477 630 3542 dicitur
651 3477 684 3540 in
705 3499 823 3565 magna
841 3476 1002 3543 felicitatis
1017 3493 1108 3564 parte
1122 3498 1183 3564 po-

145 3583 251 3662 suiffe‚
273 3581 361 3670 quod
381 3581 522 3648 Athenis
545 3579 734 3667 pepercerit,
749 3580 782 3644 id
802 3581 857 3660 est,
875 3602 929 3645 eac
949 3603 1013 3646 non
1038 3580 1184 3654 funditur

147 3687 312 3767 deleverit,
335 3686 460 3752 nullum
482 3685 526 3750 ibi
546 3683 709 3771 vestigium
724 3683 798 3748 talio
812 3682 940 3771 judicii,
955 3684 1010 3747 ubi
1024 3681 1093 3770 ejuo
1112 3705 1184 3747 mo-

147 3790 236 3857 xime
255 3790 347 3855 locus
369 3801 451 3870 erat,
473 3787 571 3852 veluti
596 3809 630 3872 p.
650 3786 725 3870 460.
745 3786 784 3850 E.
806 3799 841 3851 et
860 3786 937 3870 478.
952 3785 998 3849 B:
1023 3807 1128 3871 neque
1149 3806 1183 3872 p.

147 3912 226 3978 454.
239 3892 273 3957 D
284 3914 294 3969 ;
316 3890 374 3955 ubi
392 3889 480 3978 Sylla
502 3887 620 3954 dicitur
641 3887 877 3953 consensionem
900 3886 988 3951 suam
1007 3909 1083 3951 cum
1106 3887 1185 3951 Me-

149 3992 229 4058 tello
251 3991 367 4057 divine
386 3991 514 4072 cuidam
536 3991 673 4054 fortune
696 3988 856 4057 tribuille=
885 3986 933 4068 nai
953 3994 1000 4066 τῆς
1020 3991 1095 4076 ,πρὸς
1116 3988 1183 4052 Mt.

150 4110 250 4161 πλλον
275 4093 399 4179 ὁμονοίας
420 4095 541 4177 ἰσότιμον
562 4091 648 4178 ἄνδρα
672 4091 718 4174 toti
738 4094 848 4172 κηδεςὴν
870 4091 1002 4177 εὐτυχίαν
1025 4097 1087 4156 τινὰ
1109 4098 1186 4158 ›isiotr
1306 4177 1308 4181 ¹

153 4201 288 4278 «irritat.

196 4317 272 4367 202.
285 4300 324 4368 r.
346 4301 473 4363 rotor
487 4297 752 4380 contritior]
779 4293 912 4359 eroum
925 4292 958 4358 in
975 4292 1087 4385 primis
1101 4295 1187 4382 cete,-
