2700 4928
217 332 420 398 snorum.
436 338 526 399 REG.
541 338 593 398 ΒΤ
605 338 702 400 DUc.
721 338 939 418 panau-D.
1019 346 1097 413 11³7

99 514 181 585 005.
194 499 233 565 Β.
256 498 302 587 ν’.]
327 501 453 567 Ibidem
473 522 507 590 p.
523 503 598 588 874.
620 502 664 569 Α.
702 504 740 568 In
766 501 917 568 variemte
940 502 1097 567 librorum

52 599 202 666 nominis
222 601 411 690 scripturam
431 603 557 669 definiri
576 626 641 671 non
660 604 758 692 posse,
779 604 966 670 monuimus
979 604 1022 670 ad
1036 606 1097 670 Se·

52 698 135 767 lest.
152 703 271 771 Histor.
287 708 346 771 Gr.
362 727 394 793 p.
409 726 486 793 433.

100 822 179 890 005.
194 807 234 872 Β.
255 806 319 895 νώ]
345 807 472 874 Ibidem
499 830 532 896 p.
549 809 624 892 864.
645 810 690 875 D.
712 824 893 875 memorant
912 807 1012 873 etiam
1030 807 1097 872 Pli-

53 904 132 973 nius
150 906 196 973 H.
211 910 258 975 Ν.
276 911 434 975 XXXIV.
454 912 513 975 18:
537 924 571 975 et
589 911 827 999 Quinbiilianus
846 910 947 976 Iustis.
963 911 1020 976 Or.
1035 909 1098 977 Vl·

52 1026 90 1095 3.
106 1007 173 1075 alia
185 1032 315 1099 quoque
330 1011 498 1078 Ciceronis
511 1012 598 1079 dieu
610 1035 789 1101 apponens.

99 1130 179 1199 005.
196 1113 237 1179 C.
253 1111 319 1201 iffi]
347 1113 471 1211 Ibidem
488 1136 522 1202 p.
532 1117 607 1200 874.
619 1116 664 1181 D.
686 1116 805 1185 Versus
819 1116 862 1181 est
875 1113 1016 1202 Tragici,
1032 1114 1098 1179 sor·

53 1214 136 1280 tasse
155 1215 316 1303 Euripidis
330 1216 371 1281 de
389 1218 491 1282 Laio:
515 1217 687 1305 Sophoclis
706 1219 780 1299 esse,
795 1216 963 1284 Dacieriue
976 1215 1101 1284 notavit

53 1314 99 1381 ad
112 1316 226 1383 Vitem
243 1317 430 1383 Ciceronis:
455 1319 568 1384 vellem
583 1320 807 1386 auctoritatem
822 1318 1000 1385 addidisset.

100 1434 180 1505 005.
196 1418 237 1485 C.
260 1418 326 1506 178]
353 1419 476 1485 Ibidem
492 1442 526 1507 p.
543 1422 617 1506 874.
633 1422 678 1487 D.

101 1536 181 1607 005.
199 1520 240 1586 C.
264 1520 322 1608 08]
349 1520 474 1586 Ibidem
491 1542 523 1608 p.
537 1524 611 1608 879.
629 1525 672 1588 D.

102 1640 181 1709 005.
198 1622 238 1688 C.
253 1623 310 1709 rest]
336 1623 375 1688 ln
389 1624 469 1689 Vita
483 1624 627 1711 Pompeii
639 1645 672 1711 p.
685 1629 760 1710 630.
774 1626 814 1689 Fr
831 1621 957 1688 sortasse
971 1644 1011 1687 ex
1023 1621 1109 1689 Vita·

59 1724 231 1793 Ciceronis
255 1726 384 1793 excidit.
423 1729 500 1792 Huc
524 1728 665 1813 pertinet
686 1728 847 1793 dubitatio
869 1726 1040 1813 perscripta
1059 1724 1101 1791 ed
1144 1750 1148 1757 ·

59 1826 214 1895 Atticum
233 1828 479 1915 Epist.V11.9=
502 1830 635 1917 —-quale
657 1831 711 1894 tibi
733 1831 880 1917 ccryslium
899 1828 1029 1916 Pompeii
1047 1828 1101 1892 vi·

58 1932 176 1996 meur?
197 1932 249 1995 boc
269 1954 383 2019 quaro,
402 1934 483 2018 quod
494 1932 595 1996 urbem
615 1933 781 2021 reliquerit.
814 1933 881 2019 Ego
895 1931 971 1994 enim
985 1936 1102 2019 ἀπορῶν

59 2048 125 2103 m
147 2032 229 2099 nihil
251 2034 421 2122 absurdius.
461 2034 570 2099 Urbem
594 2048 626 2100 tu
648 2035 820 2124 relinquar!
856 2035 939 2121 Ergo
962 2034 1050 2113 Mem,
1068 2032 1106 2120 ſs

64 2135 157 2203 Galli
167 2137 330 2203 venirent?
352 2138 422 2202 Non
441 2137 491 2224 est,
505 2138 615 2226 inquit,
631 2138 663 2201 in
683 2137 847 2225 parietibus
860 2135 1046 2225 respublica:
1069 2148 1104 2201 as

60 2240 96 2303 irs
109 2238 175 2303 aris
189 2250 218 2302 et
225 2238 319 2326 socia.
355 2240 437 2305 Fecit
450 2240 527 2303 idem
541 2239 739 2326 Themistocles
761 2247 784 2279 ‘⁴
800 2238 937 2303 Fluctua
959 2238 1035 2302 enim
1056 2250 1104 2303 to·

61 2342 123 2407 rias
145 2341 301 2405 barbaria
313 2340 402 2428 serre
423 2343 495 2405 urbs
512 2366 645 2407 una-nen
658 2352 787 2431 poteras.
823 2342 869 2405 At
881 2341 959 2405 idem
975 2340 1104 2404 Pericles

60 2468 121 2509 saon
130 2444 215 2532 fecis
232 2467 346 2507 annum
356 2444 430 2530 sere
450 2443 511 2533 post
525 2444 810 2532 quinquageſsmum,
825 2466 889 2507 cum
903 2455 1017 2530 prater
1029 2466 1104 2508 moe·

63 2545 117 2609 nia
137 2543 219 2609 nihil
239 2557 371 2609 smeret.-
393 2568 459 2633 quo
481 2547 555 2611 loco
573 2544 652 2610 illud
667 2558 701 2608 at
716 2545 748 2609 in
768 2544 831 2608 aris
845 2556 873 2608 et
882 2544 967 2632 fecis
984 2544 1104 2632 accipi·

62 2646 188 2713 endum
207 2668 268 2733 pro
281 2646 490 2712 dissentientis
506 2647 663 2734 responso,
678 2669 743 2711 non
758 2667 817 2733 pro
840 2645 984 2732 Pompeii
1004 2646 1103 2712 disto.

64 2748 103 2813 ln
119 2746 235 2813 eadem
247 2747 488 2834 comparatione
499 2746 719 2813 Themistoclis
734 2762 767 2811 et
782 2745 937 2833 Pompeii,
949 2745 993 2809 est
1005 2744 1104 2831 Epist.

108 2972 185 3038 005.
208 2952 252 3017 D.
276 2951 339 3038 ast]
375 2954 417 3016 Et
444 2951 507 3016 hoc
531 2950 563 3015 in
587 2951 665 3016 Vita
689 2949 858 3016 Ciceronis
880 2948 1104 3032 desideratum,

63 3053 142 3120 inde
155 3053 303 3120 excidisse
319 3053 454 3119 videtur.
492 3053 556 3117 Sed
580 3053 698 3118 Pisonis
721 3052 881 3118 hocloco
894 3074 1013 3117 nomen
1028 3074 1103 3139 per·

61 3178 178 3246 peram
200 3157 353 3244 ponitur3
376 3155 531 3244 siquidem
552 3155 620 3221 Piso
639 3178 739 3244 gener
760 3154 927 3222 Ciceronis
942 3155 1013 3244 jam
1028 3158 1105 3224 otto

62 3282 169 3325 annos
196 3273 271 3324 ante
299 3281 446 3346 pugnam
485 3256 694 3323 Pharsalicam
723 3270 872 3322 mortuus
898 3272 966 3322 erat
993 3258 1039 3323 A.
1059 3260 1104 3326 U.

61 3360 283 3429 DCXCVll=
309 3375 387 3426 tunc
409 3383 485 3425 vero
506 3359 612 3425 Tullia
631 3374 735 3448 nupta
755 3372 825 3425 erat
844 3359 1034 3441 Dolabellae,
1049 3361 1107 3448 qui

60 3463 210 3531 initalia
227 3463 315 3549 apud
331 3462 489 3528 Caesaoem
505 3463 673 3527 manserat.
712 3462 762 3527 At
776 3462 921 3550 Pompeii
936 3464 1023 3529 socer
1037 3475 1107 3529 erat

60 3568 132 3656 ipse
148 3566 268 3632 Caesar.
1036 3632 1039 3639 ,

106 3686 186 3755 005.
196 3669 241 3733 D.
257 3666 322 3754 232]
340 3670 384 3733 Et
398 3666 462 3735 hoc
476 3667 509 3731 in
523 3665 602 3733 Vita
615 3664 819 3746 desideratur,
834 3665 959 3732 sortasse
973 3689 992 3732 a
1006 3667 1105 3735 libra-

58 3769 297 3837 riisomissum.

106 3890 185 3958 005.
200 3872 246 3937 D.
276 3872 336 3960 ns]
370 3874 408 3937 ln
433 3874 511 3937 Vita
539 3870 705 3937 Ciceronis
733 3892 767 3957 p.
787 3870 862 3936 880.
881 3871 922 3937 B.
946 3870 1107 3959 corrigere

56 3973 261 4043 tentavimus
282 3974 316 4038 in
338 3974 498 4039 Annotat.
516 3973 558 4037 ad
577 3971 694 4038 Seleu.
710 3974 792 4037 Hist.
808 3975 867 4038 Gr.
890 3995 924 4060 p.
938 3989 1014 4059 435.
1029 3976 1107 4060 Πρὸς

54 4078 89 4143 Bi
107 4078 158 4143 τὸν
176 4075 414 4163 dominemur,
432 4077 495 4150 τοὺς
509 4074 656 4163 Καίσαρος
674 4074 757 4158 φίλως
777 4075 874 4150 σῦνννς
895 4074 971 4156 alm,
992 4075 1106 4161 Myos,

57 4180 127 4265 ἔφη,
141 4182 259 4245 συννοεῖν
272 4180 370 4255 αὐτοὺς
384 4178 525 4264 Καίσαρι.
560 4178 712 4258 Acumen
727 4178 771 4242 est
788 4176 820 4241 in
836 4178 1035 4264 oppositione
1049 4202 1106 4245 vo·

58 4282 272 4362 stabulorum,
293 4280 389 4359 σύννινς
409 4280 624 4370 cogitabundss
645 4279 739 4346 vulla
758 4281 916 4363 etenim,
939 4280 1015 4348 inde
1026 4282 1108 4370 sub·

111 4404 202 4452 vor..
217 4404 274 4461 vr.
573 4401 633 4464 4u
