2700 4928
162 307 241 364 nco
351 298 681 362 D.w.AN1MADv.
702 292 1011 359 mPLUTARcm

205 479 280 551 225.
296 465 336 531 B.
360 464 415 550 ζ’.]
438 463 548 529 Simile
562 462 742 529 notavimus
759 459 922 548 Pelopidae
936 458 980 546 γ’.
996 482 1031 548 p.
1046 478 1119 546 194.
1128 460 1180 549 n..

205 589 280 655 225.
296 569 333 635 B.
356 569 406 653 η’.]
432 568 633 654 Corruptelae
649 566 859 654 suspicionem
873 579 985 631 movet
1002 568 1040 628 El
1053 566 1106 647 pir
1119 558 1188 627 ono}

160 697 197 754 μ
218 677 258 757 τῷ
282 673 399 748 nullu,
414 670 565 756 ſsquidcrn
587 669 777 734 multitudine
803 692 849 733 ne
871 667 1003 754 censeris,
1026 665 1189 752 aestimctirr

160 795 268 860 neque
281 772 365 837 enim
380 770 476 852 oiebai
489 799 517 836 rr
535 798 599 852 τινι,
615 772 735 860 aliquid
746 771 849 860 aliquo
862 771 948 834 modo
963 767 1123 855 aestimare,
1136 769 1191 831 hoc

161 876 250 940 sensu
278 875 464 960 usurpatum
493 874 660 961 reperitur,
687 895 753 960 quo
781 873 913 938 verbum
937 884 1052 965 putare
1076 869 1189 935 Intinc

159 973 383 1040 consuetudini
396 975 555 1040 vindicare
569 975 702 1039 instituit
719 977 789 1040 Jac.
807 973 898 1038 Fred.
916 973 1138 1061 Heufingems
1155 968 1190 1034 ad

78 1090 81 1095 ’
159 1076 450 1143 cic.0ffie.1.22.
483 1076 636 1163 Igiturp·
650 1076 761 1142 saltem
776 1074 976 1140 delendum:
1001 1092 1190 1162 quamquam

159 1199 200 1242 ne
213 1178 252 1241 fic
267 1176 399 1263 quidem
419 1177 511 1242 locus
532 1178 574 1242 ad
593 1177 770 1258 sanitatem,
794 1176 914 1242 nedum
936 1177 979 1241 ad
1003 1174 1190 1241 laconicum

158 1277 328 1359 rationein,
345 1277 505 1343 conedus
519 1278 655 1344 videtur.
1198 1284 1201 1288 ’

202 1399 277 1465 225.
291 1380 331 1445 C.
353 1379 409 1466 ek]
436 1382 487 1446 Est
503 1403 589 1445 mera
604 1381 787 1446 immutatio
801 1379 1025 1446 antecedentis
1039 1378 1083 1464 γ’.

202 1501 277 1568 225.
295 1483 336 1547 C.
360 1481 404 1566 r'.]
427 1484 571 1547 Verbum
585 1489 736 1569 θεομαχεῖν
755 1484 936 1547 notavimus
958 1504 993 1568 p.
1013 1482 1089 1546 168.
1106 1480 1146 1546 C.

203 1604 277 1671 225.
293 1588 337 1651 D.
360 1585 425 1670 ιβ’.]
450 1587 559 1651 Simile
583 1587 626 1652 est
648 1586 694 1650 illi
718 1586 902 1674 Myronidae
926 1608 958 1672 p.
979 1586 1055 1671 185.
1073 1588 1110 1650 F.
1143 1585 1191 1650 Do

160 1690 388 1755 communione
416 1692 594 1755 Verborum
619 1694 742 1770 αἰδὲιθαη
768 1704 804 1755 et
832 1688 964 1774 φοέὲὣαη
990 1689 1132 1754 diximus
1157 1710 1191 1775 p.—

160 1808 235 1874 217.
250 1792 294 1856 A.
772 1792 775 1799 '

202 1909 276 1976 225.
291 1879 336 1957 1').
359 1892 433 1979 ιγ’.],
450 1892 550 1957 Multi
565 1892 627 1958 hoc
643 1891 765 1958 dieium
784 1892 949 1958 memorie
969 1892 1191 1980 prodiderunt,⁴

158 2015 296 2081 quorum
315 1995 404 2060 locos
425 1994 556 2081 collegit
578 1998 610 2061 J.
631 1995 772 2061 Davifius
795 1994 835 2059 ad
858 1994 1030 2059 Ciceronis
1049 1995 1143 2060 Tusc.
1162 1995 1188 2058 l.

156 2113 221 2176 42:
254 2095 340 2182 Quid
360 2096 412 2159 ille
434 2098 497 2159 dux
520 2095 668 2160 Leonidas
689 2097 792 2160 dicit?
815 2096 967 2159 Prandete
988 2097 1089 2160 anino
1099 2095 1189 2182 fhrli,

156 2198 397 2263 lacedaemonii:
425 2198 511 2262 hodie
536 2200 621 2286 opud
646 2199 754 2286 irfferos
771 2198 901 2288 firtoffir
928 2198 1098 2262 coenobitis.
1142 2198 1190 2261 lta

156 2299 243 2363 enim
268 2298 454 2386 legendum,
474 2300 656 2364 aridioribus
681 2302 821 2379 Erasmo‚
846 2303 890 2365 G.
911 2302 1069 2379 cantero,
1092 2301 1187 2364 Inm-

154 2401 243 2479 bino,
262 2403 410 2465 Prandcte
430 2424 488 2488 pro
505 2401 626 2488 vulgari
644 2404 786 2491 Pergite3
809 2402 1075 2490 repudiandaque
1093 2390 1188 2466 Dori·

155 2501 187 2565 fii
208 2515 241 2565 et
263 2502 395 2566 aliorum
417 2503 509 2567 ratio.
546 2504 710 2569 Caeterum
734 2507 784 2568 M.
800 2506 922 2568 Seneca
942 2505 1072 2568 Suasor.
1088 2505 1132 2567 ll.
1153 2524 1185 2590 p.

158 2621 209 2688 15.
225 2604 279 2669 fibi
293 2605 355 2669 hoc
370 2604 534 2669 videbatur
547 2604 579 2669 in
595 2605 764 2670 Hemdoto
773 2604 893 2692 legisse,
905 2604 1066 2670 memoria
1079 2604 1106 2669 is
1117 2605 1184 2691 qui·

155 2706 230 2772 dem
253 2707 417 2795 deceptus,
440 2723 477 2772 ut
497 2707 624 2773 videtur
632 2732 642 2788 3
671 2707 822 2795 fiquidem
845 2707 943 2771 hodie
967 2707 1035 2771 illie
1056 2730 1120 2773 non
1141 2707 1184 2771 le·

153 2809 257 2896 gitur:
283 2810 344 2874 Sed
363 2812 394 2873 in
409 2811 470 2873 bac
489 2811 627 2887 materia,
651 2808 832 2897 dismfflma
848 2808 904 2871 illa
915 2807 1028 2892 fertur
1037 2807 1184 2896 sententia

154 2912 307 2988 Dorionis,
329 2937 393 2976 cum
413 2912 496 2999 posui
520 2926 548 2974 et
569 2913 621 2976 hoc
642 2912 744 2998 dieiffi
763 2911 898 2974 trecentis
919 2910 1099 2992 Leonidam,
1115 2908 1187 2998 qnod

152 3025 223 3100 puto
244 3015 332 3077 etiam
355 3016 439 3101 apud
459 3013 639 3078 Herodotum
662 3016 725 3100 effi,
746 3012 828 3087 οὕτως
842 3017 958 3099 ὄφις-ἅτε
977 3017 1014 3088 ὥς
1029 3017 1056 3076 ἐν
1072 3014 1123 3100 ᾆδε
1136 3014 1184 3076 ie·

153 3116 308 3191 πνῆσαντες.

199 3229 273 3299 225.
288 3216 326 3277 E.
350 3213 406 3298 n'.]
431 3216 536 3294 Duos,
553 3238 634 3301 quos
655 3215 838 3279 inservare
859 3214 996 3279 voluerit
1022 3216 1184 3295 Leonidas,

156 3338 331 3404 eorumque
351 3315 564 3380 recusantium
580 3317 665 3380 dicia
684 3329 718 3380 et
735 3318 859 3381 obitum
876 3334 984 3382 narrat
1000 3320 1185 3384 Plutarchus

156 3420 208 3486 De
231 3416 387 3483 Herodoti
404 3417 569 3503 lllalignit.
590 3438 623 3503 p.
640 3419 714 3481 866.
731 3419 769 3498 B,
786 3417 826 3483 C.
863 3419 956 3482 Alios
978 3421 1079 3484 etiam
1103 3418 1185 3485 finiili

156 3521 323 3611 incaulla,
351 3519 485 3584 dissimili
515 3533 631 3584 eventu
657 3543 677 3584 a
699 3519 841 3584 Leonida
867 3519 1010 3586 dimissos
1033 3532 1185 3587 memorat

156 3625 343 3715 Herodotus
357 3625 423 3687 Vll
428 3671 435 3686 .
453 3643 639 3708 221-233:
664 3625 719 3709 qui
735 3624 823 3688 locus
838 3624 968 3708 posteris
982 3624 1184 3711 scriptoribus

157 3728 323 3792 materiam
344 3740 377 3791 et
397 3725 580 3810 exemplum
602 3725 643 3789 ad
665 3724 741 3789 alias
756 3725 788 3788 in
811 3726 872 3789 hoc
891 3747 1012 3812 genere
1033 3726 1184 3814 imagines

156 3828 337 3896 formandae
357 3826 521 3914 praebuilse
542 3826 677 3889 videtur.
716 3829 751 3889 ln
776 3827 920 3911 rcl'poulo
934 3826 1079 3908 secundi,
1100 3826 1184 3892 llarl.

156 3932 213 3997 dat
228 3935 308 3996 arlroi
318 3931 404 4014 μένων
420 3930 540 4017 κρέσσων
560 3927 593 3993 ἂν
608 3927 671 4005 εἵην·
696 3929 728 3993 in
744 3952 808 4015 quo
830 3929 926 3995 etiam
949 3931 1078 4018 regio-cor
1098 3929 1185 3995 exhi·

154 4035 210 4101 bet
224 4037 344 4103 Vener.

199 4152 272 4220 225.
289 4137 327 4198 E.
350 4133 572 4217 noxum]
599 4130 706 4218 Hujus
720 4144 753 4196 et
768 4131 904 4196 liliorum
919 4134 1046 4200 mentio
1061 4136 1135 4200 alibi
1155 4134 1182 4198 se

157 4236 249 4306 nobie
269 4234 413 4302 nondum
427 4235 557 4304 obtulit.
594 4233 776 4299 Constantia
798 4232 928 4320 quidem
948 4250 984 4301 et
1006 4239 1179 4326 responsum

486 4488 613 4528 -u
