2700 4928
164 290 243 343 nea
353 281 392 342 D.
405 282 456 342 W.
476 280 683 342 ANIMADV.
704 280 753 341 nt
771 276 1016 341 nemnem

207 459 282 531 225.
298 445 337 510 Β.
362 445 417 530 ζ’.]
440 445 550 510 Simile
564 444 743 511 notavimus
760 441 923 531 Pelopidae
938 440 983 529 γ’.
999 464 1034 530 p.
1050 461 1123 529 194.
1133 443 1174 508 D.

206 569 281 635 225.
297 549 334 614 Β.
357 549 408 635 η’.]
434 549 634 636 Corruptelae
650 549 859 636 suspicionem
874 561 987 613 movet
1004 551 1042 611 El
1056 541 1192 629 111νοῖ1θῆ

161 677 199 734 μ
219 657 260 736 τῷ
283 653 401 729 πλήθει,
416 651 567 737 ſsquidcm
588 652 778 716 multitudini
804 674 848 714 me
871 650 1004 737 censetis,
1028 648 1192 736 estimatis:

161 753 368 840 nequeenim
382 752 477 833 οἷεθαξ
490 780 518 817 τι
536 780 600 834 rut,
616 753 736 842 aliquid
747 752 849 842 aliquo
862 753 948 817 modo
964 749 1124 837 aestimarc,
1138 752 1194 814 hoc

163 855 251 920 sensu
279 855 465 940 usurpatum
494 855 661 942 reperitur,
688 877 753 942 quo
781 855 914 920 verbum
937 867 1053 945 putare
1077 853 1192 918 latine

161 955 384 1021 consuetudini
398 956 556 1021 vindicare
570 957 703 1021 instituit
719 959 790 1022 Jac.
807 955 899 1020 Fred.
917 956 1139 1044 Heufingenrs
1156 952 1193 1018 ad

161 1056 232 1121 Cic.
247 1057 341 1123 offic.
357 1059 384 1122 l.
399 1076 452 1124 22.
484 1058 589 1144 Igitur
600 1086 637 1141 με
651 1058 761 1124 saltem
777 1054 976 1122 delendum:
1001 1076 1192 1145 quamquam

160 1180 201 1223 ne
215 1159 254 1223 fic
268 1158 400 1244 quidem
420 1158 512 1224 locus
533 1160 575 1224 ad
594 1159 771 1240 sanitatem,
794 1158 914 1224 nedum
936 1158 980 1223 ad
1002 1158 1193 1223 Laconicam

159 1259 330 1340 rationem,
346 1259 506 1326 corredius
520 1260 656 1326 ridetur.

203 1380 278 1446 225.
290 1361 332 1427 C.
354 1359 410 1448 θ’]
437 1364 487 1428 Est
503 1385 590 1427 mera
604 1363 788 1428 immutatio
801 1361 1025 1428 antecedentis
1039 1361 1083 1447 γ’.

204 1482 278 1549 225.
296 1463 337 1528 C.
360 1463 404 1548 t'.]
428 1467 572 1528 Verbum
586 1471 736 1551 θεομαχεῖν
755 1466 936 1529 notavimus
958 1487 993 1551 p.
1013 1465 1089 1529 1⁶8.
1107 1463 1147 1529 C.

204 1586 279 1653 225.
294 1569 338 1632 Ι).
361 1567 426 1652 nist]
450 1568 559 1633 Simile
584 1569 627 1634 eli
648 1569 695 1632 illi
719 1568 902 1656 Myronidae
925 1590 958 1654 p.
979 1569 1054 1654 185.
1073 1571 1111 1633 F.
1144 1568 1192 1633 us

160 1672 389 1737 communione
416 1674 595 1737 Verborum
619 1675 743 1751 αἰδᾶθας
769 1688 803 1737 et
832 1671 964 1756 φοέᾶῶση
989 1672 1133 1737 diximus
1158 1693 1191 1758 p.

161 1790 236 1856 217.
251 1774 295 1838 A.

203 1893 277 1959 225.
292 1875 337 1939 Ι).
360 1874 434 1961 ιγ’.],
450 1874 550 1938 Multi
565 1874 627 1940 hoc
643 1874 766 1940 dicium
785 1875 949 1940 memoriae
969 1875 1192 1962 prodiderunt,-

158 1997 297 2062 quorum
315 1976 404 2042 locos
425 1976 556 2064 collegit
578 1980 611 2043 J.
631 1977 772 2043 Davifius
795 1977 836 2042 ad
858 1976 1029 2042 Ciceronis
1049 1978 1144 2043 Tusc.
1164 1979 1189 2041 l.

157 2095 222 2158 42:
255 2077 341 2164 Quid
361 2079 413 2141 ille
434 2080 497 2140 dux
521 2077 668 2141 Leonidas
688 2079 792 2142 dicit?
816 2079 966 2142 Prandete
987 2079 1089 2143 attinio
1099 2079 1189 2164 forti,

157 2180 397 2245 chedaemonii:
426 2181 511 2245 bodie
536 2182 621 2268 opud
646 2181 754 2268 irfferos
771 2181 902 2271 firwffl
928 2182 1098 2245 coenobitis.
1143 2181 1190 2244 lta

156 2282 244 2345 enim
270 2280 454 2369 legendum,
475 2283 656 2347 aridioribus
682 2285 821 2364 Erasmo‚
846 2286 890 2348 G.
911 2285 1069 2362 Cantero,
1092 2284 1188 2347 Lam·

155 2383 245 2460 bino,
263 2385 411 2448 Prosda-tc
431 2406 489 2470 pro
505 2385 627 2471 vulgari
645 2386 786 2473 Pergite3
809 2384 1075 2473 repudiandaque
1092 2376 1188 2449 Dari·

155 2484 188 2548 fii
209 2497 242 2548 et
264 2485 396 2549 aliorum
418 2485 510 2549 ratio.
547 2487 711 2552 Caetcrum
734 2489 784 2550 M.
800 2488 922 2551 Seneca
942 2488 1072 2550 Suasor.
1088 2488 1132 2550 ll.
1153 2507 1185 2573 p.

159 2603 210 2670 15.
226 2587 279 2652 fibi
294 2587 356 2651 hoc
371 2587 535 2652 videbatur
547 2587 579 2652 in
596 2588 764 2653 Herodoto
774 2586 893 2674 legisse,
905 2587 1066 2653 memoria
1079 2587 1106 2652 is
1117 2588 1184 2674 qui-

155 2689 231 2754 dem
254 2690 418 2777 deceptus,
441 2707 478 2755 ut
498 2689 643 2770 ridetur3
671 2690 822 2778 siquidem
845 2689 944 2754 hodic
966 2690 1034 2754 illic
1056 2713 1120 2756 non
1141 2690 1183 2754 le·

154 2792 258 2878 gitur:
283 2793 345 2856 Sed
364 2796 395 2855 in
416 2794 472 2856 boc
489 2792 628 2870 materia,
651 2791 832 2880 difirtiffimo
848 2791 904 2854 illa
915 2790 1027 2875 fertur
1037 2791 1184 2879 sententia

154 2894 308 2970 Dorionis,
329 2919 393 2958 cum
415 2896 548 2981 posuiffit
569 2895 621 2958 hoc
642 2895 706 2957 diri
729 2919 744 2956 e
764 2894 898 2956 trecentis
918 2894 1099 2974 Leonidam,
1115 2891 1187 2981 quod

152 3009 223 3082 puto
245 2998 333 3060 etiam
355 2999 440 3083 apud
460 2996 640 3061 Herodotum
662 2998 725 3082 effi,
746 2995 828 3069 οὕτως
842 3001 958 3082 ὄφις-ἅτε
976 2999 1014 3072 ὥς
1029 3001 1056 3059 ἐν
1072 2997 1122 3083 ᾆδε
1136 2997 1184 3059 ia·

154 3123 309 3173 πησσπες.

199 3214 273 3281 225.
288 3199 327 3260 Ε.
351 3196 407 3281 αἱ]
433 3199 537 3276 Duos,
554 3221 634 3284 quos
656 3198 701 3261 ita
721 3198 839 3262 servare
859 3197 996 3262 voluerit
1022 3200 1184 3278 Leonidas,

156 3321 331 3387 eorumque
352 3298 565 3363 recusantium
581 3300 665 3363 dicia
684 3314 719 3363 et
736 3301 859 3364 obitum
876 3317 983 3365 narrat
1000 3303 1185 3367 Plutarchus

156 3403 208 3468 De
231 3399 388 3466 Herodoti
405 3399 570 3487 Malignit.
591 3422 624 3485 p.
641 3402 715 3464 866.
733 3402 769 3480 B,
786 3400 826 3466 C.
863 3402 956 3465 Alios
977 3404 1079 3467 etiam
1103 3402 1185 3468 limili

155 3506 189 3570 in
210 3504 324 3583 caulla,
351 3503 485 3568 dilliruili
516 3518 632 3567 eventu
657 3526 677 3567 a
699 3503 841 3567 Leonida
867 3503 1010 3568 dimissos
1033 3515 1184 3570 memorat

156 3609 344 3674 Herodotus
358 3608 435 3670 Vll.
454 3625 640 3691 221-233:
664 3608 719 3692 qui
735 3607 823 3671 locus
838 3610 933 3691 poster
941 3607 968 3669 is
982 3608 1183 3694 scriptoribus

157 3710 324 3775 materiam
344 3721 377 3773 et
397 3708 579 3793 exemplum
602 3708 643 3772 ad
665 3707 740 3772 alins
755 3708 789 3770 in
811 3709 873 3772 hoc
891 3730 1011 3795 genere
1033 3710 1183 3797 imagines

156 3811 337 3878 fonnandas
357 3809 521 3897 praelurilse
542 3808 677 3872 videtur.
716 3813 751 3872 ln
776 3810 920 3895 rcl'poulo
934 3810 1078 3891 secundi,
1099 3809 1183 3874 Harl.

155 3914 213 3980 dat
228 3917 308 3979 atro?
318 3914 404 3997 μένων
419 3914 540 3999 κρέσσων
560 3911 593 3976 ἂν
608 3910 671 3988 εἴην·
696 3912 808 3999 inquo
830 3913 926 3977 etiam
949 3914 1077 4001 agium
1097 3912 1183 3978 exhi·

154 4018 210 4083 bet
224 4020 344 4083 Venet.

198 4135 272 4202 225.
289 4120 326 4180 Ε.
349 4116 572 4200 noxam]
599 4114 706 4202 Hujus
719 4128 753 4179 et
768 4114 904 4179 liliorum
919 4119 1046 4184 mentio
1060 4119 1134 4184 alibi
1153 4117 1180 4181 se

156 4220 248 4288 nobis
268 4217 412 4285 nondum
426 4218 556 4287 obtulit.
594 4216 776 4283 Constantia
797 4216 928 4303 quidem
948 4235 984 4286 et
1006 4223 1178 4310 responlum

461 4504 577 4536 A
