2700 4928
286 347 346 420 ost
430 360 469 420 n.
483 359 535 421 w.
554 358 764 422 inmane.
783 359 832 421 m
851 336 1174 420 rimaremur.

282 524 378 606 quam
400 521 547 587 mercede
568 518 731 603 docentes,
753 522 803 588 vel
825 522 969 587 nondum
991 521 1126 585 discreta
1147 515 1313 603 utriusque

280 621 426 687 vocabuli
450 623 593 700 notione,
622 623 771 709 sophistae
800 623 1015 710 appellarent:
1049 634 1083 686 et
1108 618 1196 706 quod
1223 618 1312 684 addit

280 719 366 786 idem
381 715 529 814 egregius
543 725 590 789 vir
604 724 644 789 de
659 725 731 789 loco
746 723 908 789 Plutarchi
918 735 1097 787 memorato
1111 742 1151 785 ex
1164 720 1247 785 libro
1258 721 1310 785 De

281 824 420 910 Malign.
435 824 557 891 Herod.
577 826 682 890 Veram
696 851 730 890 ca
751 826 869 890 turbato
882 825 979 888 animo
994 822 1196 902 Plutarcbm3
1215 837 1311 910 paco·

279 924 337 986 tior
352 925 559 990 Chilonem'rir
574 932 683 1007 ςοφιςηιι
698 926 735 990 T.
750 926 795 991 II.
816 941 849 1013 p.
866 929 920 1011 96.
942 938 971 988 et
985 925 1111 1010 reliquos
1125 923 1162 985 de
1179 924 1231 987 boc
1250 947 1309 986 νιιι·

278 1049 355 1089 mero
369 1031 484 1107 σοφιςᾶς
495 1027 668 1113 salutavit:
684 1027 781 1115 hujus
794 1027 923 1115 quidem
938 1026 1000 1091 loci
1015 1025 1106 1111 ipsius
1121 1025 1162 1089 de
1170 1023 1310 1089 Chilone

266 1127 400 1214 sophista
423 1130 582 1216 appellato
604 1130 776 1194 auctoritas
803 1130 905 1193 nostra
931 1127 1126 1192 correbtione
1148 1126 1307 1192 concidit:

279 1248 382 1315 neque
396 1231 492 1295 etiarn
508 1231 639 1295 memini
653 1254 672 1294 a
686 1230 855 1295 Plutarcho
871 1230 986 1294 alieubi
1000 1227 1239 1315 philosophum,
1251 1240 1309 1293 aut

275 1346 375 1396 unum
391 1334 541 1419 cleptem
557 1332 735 1419 sapientum
752 1354 887 1396 numero
898 1330 1059 1418 sophistam
1074 1329 1212 1395 salutari.
1248 1330 1307 1395 Ille

275 1446 348 1494 vero
371 1432 441 1495 haec
463 1431 593 1495 nomina
615 1432 697 1496 inter
712 1432 743 1495 sc
761 1430 907 1515 opponit,
928 1433 1016 1516 Opp.
1032 1431 1119 1494 Mor.
1143 1431 1305 1515 p.48.11>,

273 1550 329 1615 43.
352 1535 390 1595 E.
408 1535 454 1596 F:
484 1546 553 1596 turn
577 1552 650 1596 vero
672 1531 862 1617 pronunciat
883 1530 1052 1616 antiquum
1075 1529 1164 1594 tuille
1188 1553 1305 1595 nomen

274 1643 309 1696 ct
329 1654 446 1695 munus
468 1637 552 1713 σοφὲ,
573 1653 592 1695 a
609 1653 673 1717 quo
689 1631 720 1694 in
736 1629 891 1694 diversum
907 1629 1095 1714 prodierunt
1108 1629 1175 1693 duo
1189 1628 1307 1694 diversa

275 1729 404 1794 nomina
424 1744 458 1794 et
478 1753 610 1794 munera
626 1728 760 1812 φιλοσόφει
774 1742 808 1791 et
821 1734 932 1811 σοφιςᾶ,
948 1728 988 1791 de
1005 1726 1197 1813 Mnefiphilo
1212 1728 1305 1793 Solo·

275 1831 325 1894 nis
347 1831 490 1895 familiari
510 1853 656 1897 narrans:
679 1828 844 1910 Μνησιφῖλιι
861 1831 907 1892 τὸν
921 1827 1104 1910 Θιμιςοιιλέα
1123 1834 1160 1891 τῦ
1181 1830 1305 1915 &propia

273 1936 393 2013 ζηλωτὴν
406 1933 640 2019 patiebur-orire
653 1933 760 2020 ῥήτορος
774 1931 858 2010 ὄντος,
875 1930 935 1994 οὔτε
952 1939 1005 1993 τῶν
1018 1938 1138 2010 φυσικῶν
1151 1931 1306 2008 nnn-&inm

272 2037 436 2119 φιλοσόφων,
452 2041 531 2099 ἀλλὰ
551 2041 599 2114 τὴν
621 2035 777 2117 καλεομένην
788 2027 907 2116 σοφίαν,
922 2032 1009 2099 οὖσαν
1024 2035 1050 2097 δὲ
1067 2032 1203 2110 δεινότητα
1214 2048 1304 2098 στολι-

271 2143 359 2218 τιιιην,
379 2140 400 2223 ’l
422 2140 561 2225 ὃςαςηςιον
582 2139 699 2215 σύνεσιν,
715 2137 879 2216 ἐπιτήδευμα
896 2135 1066 2218 πεποιημένα
1079 2136 1102 2221 ιζ,
1116 2137 1304 2218 διασώζοντος,

270 2235 361 2324 ὅσπερ
374 2242 477 2325 αἵρεσιν
496 2243 527 2301 ὲκ
544 2241 671 2323 διαδοχῆς
691 2240 743 2300 cini
764 2236 898 2309 Σόλωνος·
922 2238 952 2311 ἢν
966 2244 989 2300 oi
1004 2244 1078 2319 μετὰ
1092 2245 1183 2301 ταῦτα
1197 2241 1302 2304 δικανι·

271 2344 334 2413 ναῖς
346 2341 474 2422 μίξαντες
492 2339 617 2425 τέχναις,
634 2341 680 2402 καὶ
694 2339 903 2423 μιταγαγέντις
916 2342 969 2402 ἀπὸ
984 2349 1037 2403 τῶν
1050 2343 1234 2428 πραγμάτων
1254 2348 1303 2421 τὴν

271 2436 389 2514 ἄσκησιν
403 2440 445 2501 tal
458 2438 509 2511 τὲς
522 2439 622 2524 λόγος,
638 2438 748 2520 copis-orl
761 2439 1028 2526 προσηγορεύθησαν.
1066 2441 1130 2505 Sed
1144 2456 1178 2506 et
1191 2466 1301 2529 grum·

271 2539 389 2603 matica
408 2539 539 2603 ratioet
561 2540 713 2625 loquendi
734 2540 931 2606 consuetudo
950 2542 1112 2628 duplicem
1133 2544 1302 2611 notionem

271 2640 371 2723 σοφιςέ
391 2639 570 2719 ostendunt,
586 2656 621 2705 et
635 2641 842 2706 honorificam
856 2657 889 2707 et
903 2643 1104 2709 contrariam.
1140 2647 1193 2709 Est
1211 2646 1299 2712 enim

270 2743 311 2806 ab
330 2741 445 2807 Aelivo
465 2742 578 2824 σοφίζα,
594 2742 685 2806 aliam
693 2741 781 2829 facio
792 2743 971 2831 sapientem,
992 2748 1114 2825 σοφιςης,
1136 2746 1260 2822 ἄφθονε
1281 2771 1301 2813 a

268 2844 382 2910 Medio
403 2845 558 2926 σοφίζομα,
575 2845 742 2933 sapientem
773 2868 817 2908 me
841 2868 923 2931 gero,
948 2845 1070 2929 stmulo,
1093 2847 1226 2912 commini
1239 2873 1299 2930 cor,

267 2949 390 3027 σοφιςῆς,
408 2944 569 3029 simulator
589 2944 642 3010 vel
665 2944 817 3030 pllentator
833 2947 1017 3033 sapientire:
1047 2947 1179 3013 subinde
1200 2950 1298 3015 etiam

268 3061 403 3131 utraque
424 3046 514 3111 notio
534 3046 625 3111 fimul
646 3047 678 3110 in
694 3045 755 3110 hoc
771 3047 924 3111 vocabulo
946 3048 1145 3112 cernebatur.
1186 3049 1297 3116 Philo·

268 3147 358 3231 sophi
372 3146 502 3233 quidem
520 3148 561 3211 ab
578 3147 647 3233 ejus
660 3147 885 3211 communione
900 3148 995 3212 eximi
1015 3149 1047 3212 se
1066 3148 1248 3229 voluerunt,
1263 3167 1296 3217 et

265 3249 363 3313 eximi
376 3249 474 3336 coepti
488 3250 559 3313 sunt
573 3270 647 3313 mox
661 3250 728 3333 post
742 3248 920 3328 inductum,
932 3264 970 3314 ut
984 3249 1118 3329 videtur,
1137 3273 1157 3313 a
1172 3252 1293 3340 Pytha·

264 3371 344 3436 gora
365 3372 482 3414 nomen
502 3350 710 3437 pbilosopbiae:
733 3350 835 3435 magis
858 3352 968 3430 etiam,
991 3351 1106 3417 finibus
1130 3353 1294 3441 utriusque

264 3452 390 3538 generis
418 3451 587 3538 diligenter
614 3451 782 3536 designatis
811 3474 831 3515 a
858 3453 988 3518 Platone
1015 3454 1047 3516 in
1075 3454 1205 3542 dialogo
1230 3459 1291 3522 So·

240 3614 244 3619 .
265 3553 384 3639 phista:
407 3553 543 3639 graviter
556 3554 633 3617 item
648 3576 666 3616 a
681 3554 896 3639 Xenophonte
911 3555 943 3618 in
960 3555 1150 3642 Cynegetici
1162 3559 1292 3648 epilogo

264 3675 297 3739 p.
313 3655 387 3739 998.
403 3656 466 3740 seq.
483 3654 664 3741 frequenter
677 3658 718 3719 ab
735 3656 880 3734 Isocrate,
895 3656 951 3741 qui
963 3657 1206 3725 licet·mercede
1222 3662 1291 3726 elo·

262 3754 427 3842 quentiam
442 3755 573 3832 docens,
588 3769 693 3819 tamen
710 3765 861 3838 φιλοσοφεῖν
883 3759 914 3822 se
938 3759 1156 3842 profitebatur,
1179 3762 1290 3828 suum·

261 3879 325 3942 que
339 3855 474 3921 studium
490 3857 649 3939 φιλοσοφίαν
663 3857 852 3942 appellabat.
892 3859 996 3944 Igitur
1009 3860 1105 3924 srcubi
1121 3860 1293 3952 philosopho

260 3958 413 4024 tribuitur
431 3979 547 4021 nomeu
558 3955 714 4044 sophistae3
739 3958 773 4021 fit
787 3959 849 4022 hoc
872 3960 920 4023 vel
942 3983 999 4046 per
1012 3969 1226 4045 contemtum,
1242 3967 1291 4032 vel

260 4060 452 4144 peculiarem
465 4058 558 4123 aliam
573 4057 750 4123 rationem:
774 4060 870 4124 veluti
883 4062 1064 4147 Xenophon
1078 4065 1182 4129 Mem.
1198 4069 1288 4133 Socr.
1313 4134 1319 4154 ,

256 4160 285 4221 Ι.
302 4178 331 4223 1.
349 4176 409 4243 15:
434 4158 617 4241 ὁκαλιὶμινος
638 4160 687 4221 ὑπὸ
705 4167 759 4223 τῶν
780 4167 897 4242 σοφιςῶν
911 4161 1024 4245 κόσμος,
1042 4165 1168 4252 phyficos
1186 4168 1288 4254 philo.

246 4259 355 4346 siphon
375 4261 549 4346 fignificat5
577 4260 665 4347 quod
686 4260 762 4329 scire
784 4260 814 4328 se
843 4275 993 4345 putarent
1013 4266 1059 4350 id,
1083 4269 1169 4355 quod
1194 4262 1288 4359 supra¹

646 4568 814 4642 A
