2700 4928
133 279 230 390 'ens
359 312 1003 377 D.W.AN1MADV.1NPLUTAROH1

167 491 243 561 457.
259 478 301 541 F:
325 476 371 555 κού
382 502 460 540 τινων
472 477 620 562 λεγόντων,
640 480 675 552 ὥς
689 479 803 561 classim
817 477 947 564 προσήκει
964 476 1027 550 τοὺς
1037 473 1178 557 Ἕλληνας,

112 598 115 611 ·
167 575 208 640 ὅτι
223 576 251 639 εὖ
264 577 401 661 nizonis
413 579 463 640 iuri
475 586 524 641 τοῦ
537 578 666 641 &mim
681 586 773 652 κακῶς
786 579 867 641 miris
880 576 1000 663 λέγωσι,
1011 575 1050 641 Ts
1062 575 1116 655 osv,
1129 576 1175 657 ἔφη,

166 677 315 755 ποιήσεσι,
330 676 363 739 ἂν
377 686 469 752 κακῶς
483 679 612 763 trigenos.
649 679 746 742 Paulo
761 676 879 742 diverse
892 676 927 741 in
946 676 1173 763 Apophthegm.

167 777 248 863 Reg.
267 789 302 841 et
320 778 407 841 Duc.
430 801 464 865 p.
482 796 553 863 179.
569 780 620 842 A:
643 778 888 863 Ἀγανακτοῦπων
909 778 937 840 hi
958 784 1014 840 mir
1034 776 1125 860 φίλων,
1142 775 1171 837 in
1208 774 1210 807 ³

165 877 317 962 συρῖτΙυσιν
338 880 418 940 αὐτὸν
440 882 466 941 ἐν
484 878 647 960 Ὀλυμπίοις
662 878 691 942 εὖ
705 877 858 951 πεπονθότες
875 883 899 939 oi
920 877 1134 954 Πιλποπῆσιοι,
1145 873 1172 938 Ti

166 975 222 1055 crit,
237 975 320 1055 essu,
335 981 381 1041 ἐὰν
395 987 488 1052 κακῶς
500 980 633 1042 πάθωσι.
668 978 778 1043 Simile
792 977 835 1043 est
852 976 1012 1043 Pausaniae
1025 975 1168 1064 Apophth.

165 1080 284 1144 lacon.
306 1102 338 1166 p.
355 1099 428 1164 230.
442 1081 487 1143 D.
503 1081 543 1158 β’.
1083 1130 1087 1137 .

207 1203 241 1266 p.
257 1201 328 1261 144.
339 1183 383 1245 A.
405 1184 443 1243 ‘0
458 1183 503 1244 τὸν
515 1180 646 1268 δραπέτην
662 1179 774 1266 {W}
801 1179 907 1244 Fluxit
917 1177 966 1243 vel
978 1180 1021 1244 ab
1034 1177 1166 1263 AEsopiu,

165 1282 213 1345 vel
233 1304 252 1344 a
270 1282 414 1359 Comica,
434 1281 550 1346 fabuh.
587 1282 761 1346 Geminum
775 1281 818 1344 est
831 1279 956 1344 auum
971 1278 1129 1345 Phocionis
1138 1275 1166 1339 dc

163 1383 378 1469 Aristogitone
392 1385 419 1446 1.
432 1385 505 1466 746.
520 1386 558 1447 E.
576 1385 621 1446 ΙΙ.
640 1383 712 1447 188.
726 1384 768 1445 A.

209 1501 282 1563 144.
297 1484 341 1547 A.
362 1482 506 1557 ἀπόλειψιν
519 1482 668 1567 γράφεσα]
696 1480 907 1566 Exposuimus
920 1481 962 1544 ad
976 1503 1011 1568 p.
1025 1501 1094 1546 100.
1106 1481 1138 1543 E.

112 1652 122 1675 ι
209 1603 282 1665 144.
294 1584 338 1647 Α.
359 1587 499 1660 Ἀθηναῖοι
517 1589 586 1670 τρεῖς
604 1583 704 1670 ἇρὸτες
718 1581 788 1668 laguis
802 1581 1037 1666 &scs-massot
1048 1579 1168 1662 musas]

164 1684 289 1750 Justum
304 1683 542 1747 matrimonium
564 1683 768 1769 procreandae.
780 1682 879 1746 soboli
894 1676 1109 1762 conciliatum,
1122 1677 1168 1744 dici

164 1785 259 1870 ἔροτον
276 1784 389 1863 πάδων,
411 1785 489 1848 item
509 1787 629 1868 γυναῖκα
649 1781 760 1866 ἄγεθαρ
781 1783 820 1843 ἐπ’
836 1782 926 1868 ἀρότῳ
945 1782 1048 1845 παίδων
1062 1781 1168 1867 misr,

164 1885 238 1950 satis
259 1886 389 1962 constat,
412 1899 445 1948 et
466 1898 653 1948 annotatum
680 1905 699 1945 a
720 1882 792 1946 viris
816 1881 929 1962 donis,
957 1881 1168 1948 Hcmsterhuso

164 1985 205 2050 ad
220 1986 354 2050 Luciaui
368 1986 534 2051 Timonem
548 1988 586 2051 T.
603 1986 629 2047 Ι.
648 2007 681 2070 p.
700 2001 771 2068 127.
791 1983 918 2070 aliisque
932 1985 1028 2049 abeo
1040 1982 1169 2059 laudatis,

163 2098 234 2151 tum
249 2086 457 2171 Wcfl'elingio
473 2086 514 2149 ad
532 2088 565 2150 S.
580 2085 674 2148 Petiti
691 2087 770 2170 Leg.
790 2083 892 2149 Attic.
909 2106 943 2168 p.
957 2104 1035 2170 533.
1067 2089 1171 2150 Attm

162 2186 233 2250 illas
242 2188 352 2272 sacras
365 2186 512 2249 arationes
523 2184 778 2263 Athenienfium‚
792 2184 878 2248 haud
893 2185 969 2262 scio,
980 2208 1021 2249 au
1036 2188 1171 2272 nusquam

162 2285 208 2348 ita
224 2286 337 2350 diserte
355 2284 430 2346 alibi
451 2285 605 2370 legerim:
629 2297 663 2348 et
683 2285 879 2349 eruditiffimi
898 2285 956 2349 viri
973 2287 1061 2352 hunc
1080 2287 1171 2351 locum

162 2396 388 2461 memorantes,
409 2385 440 2448 J.
458 2384 615 2447 Meursrus
629 2385 682 2447 Dc
698 2387 810 2471 Regno
823 2385 946 2450 Athen.
963 2387 990 2449 1.
1008 2407 1058 2468 14.
1087 2388 1171 2450 Gata-

161 2485 258 2548 kcrus
276 2487 328 2548 De
342 2483 423 2548 Stilo
445 2485 530 2550 Nov.
546 2483 634 2548 Foed.
658 2507 690 2570 p,
709 2502 761 2567 70.
779 2508 843 2549 uon
863 2485 932 2550 aliis
954 2487 1082 2552 testibus
1103 2485 1171 2573 ejus-

161 2584 236 2650 dem
250 2585 294 2649 rei
309 2584 472 2663 adhibitis,
493 2585 565 2650 satis
588 2586 641 2672 ipfi
658 2585 826 2649 ostendunt
847 2586 901 2649 fibi
922 2586 1003 2652 alios
1019 2590 1108 2653 testes
1124 2587 1172 2650 de·

162 2687 262 2752 fuisse.
296 2687 475 2776 Hesychius
489 2687 618 2774 quidem
635 2687 766 2775 aliquid,
781 2688 833 2752 sed
849 2688 987 2754 breviter
1000 2712 1060 2755 nec
1080 2688 1171 2754 distin·
1206 2722 1210 2757 ⁴.

162 2789 214 2855 &e
236 2789 267 2852 in
290 2812 366 2854 voce
388 2791 526 2874 Βεζῦγης·
551 2794 616 2877 ἥρως
636 2792 767 2867 ἈτΙικός,
785 2795 797 2851 ὁ
815 2797 917 2875 πρῶτος
937 2793 991 2868 βές
1009 2793 1058 2854 ὑῐό
1073 2789 1172 2878 ἄραρον

162 2890 267 2971 ζεύξας·
292 2894 415 2953 ἐκαλεῖτο
430 2892 457 2953 δὲ
475 2891 654 2972 Ἐπιμενίδης·
680 2890 817 2962 καθῖςατο
833 2891 859 2951 δὲ
874 2893 946 2977 παρ’
961 2896 1054 2966 αὐτοῖς
1068 2890 1171 2966 xuirsh‘

162 2991 243 3073 ῖιροὺς
258 2990 357 3074 ἑῳότες
372 2996 500 3054 ἐπιτελῶν
515 2991 662 3074 Baetim:
686 2991 740 3052 ubi
755 2989 947 3054 Abreschius
966 3004 1001 3056 ct
1022 2993 1077 3056 ulii
1090 3013 1170 3058 occu·
1208 3022 1210 3067 5

160 3102 290 3172 parunt,
306 3111 378 3172 quae
393 3113 455 3175 ego
470 3091 501 3153 iu
516 3089 692 3152 adversariis
701 3089 741 3151 dc
751 3091 886 3176 Buzyge
900 3103 1096 3158 notaveram.
1118 3093 1171 3156 Has

159 3186 316 3251 arationes
337 3188 548 3252 Athenienses
573 3187 675 3271 ἄγεσι,
701 3203 809 3273 agunt,
835 3190 995 3280 celebrant,
1025 3207 1172 3281 tamquam

159 3287 249 3350 seha:
268 3287 466 3371 probandum
483 3286 605 3349 videtur
619 3310 683 3373 prae
698 3290 795 3353 altera
810 3290 945 3356 lectione
959 3292 1078 3378 λέγωσι,
1093 3309 1173 3381 quam

160 3386 238 3451 dant
252 3390 295 3449 A.
307 3388 346 3449 B.
360 3390 395 3449 E.
407 3389 450 3450 T:
466 3399 500 3449 ct
515 3386 611 3450 suerit
624 3389 748 3453 sortasse
763 3390 833 3454 haec
848 3392 1024 3458 cerimonia
1037 3418 1110 3481 pars
1122 3384 1179 3460 festi

158 3486 346 3574 Προηροσὶων,
375 3500 449 3549 ante
472 3487 646 3551 arationem
668 3490 749 3569 asti3
781 3491 821 3554 dc
846 3514 910 3577 quo
936 3494 1181 3581 Harpocration,

159 3586 284 3666 Suidas‚
301 3586 457 3650 Meursms
472 3588 562 3651 Lect.
578 3590 680 3652 Attic.
699 3592 743 3655 11.
762 3613 789 3655 1.
828 3593 864 3655 ln
885 3593 927 3655 ἐπὶ
942 3594 1040 3681 Σκίρῳ
1054 3596 1186 3663 consen*

158 3689 243 3754 tiunt
257 3686 382 3753 codices
398 3703 532 3773 excepto
547 3711 612 3753 uno
629 3691 662 3753 P.
680 3692 733 3776 qui
748 3691 802 3755 dat
824 3695 865 3755 ἐπὶ
880 3692 992 3780 Σκύρῳ,
1008 3697 1100 3782 quod
1114 3698 1188 3763 rsd¹

158 3790 306 3855 didcrunt
320 3793 480 3876 Amyotus
495 3805 527 3855 et
543 3791 727 3856 Cruscrius:
752 3814 811 3856 nec
825 3794 955 3881 vulgato
972 3797 1073 3863 debet
1087 3801 1191 3888 aequir

157 3894 271 3982 parari,
294 3892 518 3991 minus'ctiam
541 3893 692 3979 praeserri.
729 3894 842 3981 Σκῖρον,
857 3895 946 3960 locus
965 3898 1102 3979 Atticae,
1116 3926 1187 3969 me·

156 4008 297 4058 moratur
312 3991 467 4057 Pausaniae
484 3993 510 4053 1.
525 3994 578 4075 36.
595 4014 628 4078 p.
645 3995 697 4056 88.
714 4009 749 4057 nt
764 3993 953 4080 conjunctus
967 4018 1045 4063 cum
1061 4000 1187 4068 Cereris

153 4091 327 4177 religionc;
350 4091 434 4156 item
462 4092 707 4176 Harpocrationi
732 4117 800 4157 voc.
827 4093 938 4182 Σκίρον,
964 4096 1054 4163 unde
1079 4102 1185 4167 sumsit

154 4191 341 4257 scholiastes
362 4191 579 4278 Aristophanis
599 4192 718 4258 Eccles.
738 4196 795 4259 18:
820 4196 984 4284 Stephano
1005 4199 1091 4287 Byz‚
1114 4225 1186 4285 voc.
