2700 4928
165 484 1155 546 Μ

120 788 124 793 ’
181 811 504 911 DANfflLrs
546 761 1123 913 WYTTENBACHH

282 1218 290 1232 .
342 1106 951 1198 ANIMADVERSIONES

632 1362 673 1406 11«

180 1564 539 1667 PLUTARCHI
565 1567 1134 1677 CONSOLATIONEM

423 1844 492 1911 AD
521 1846 879 1912 APOLLONIUM.

540 2109 748 2142 ...Q-...-

165 2286 349 2408 DiSERTE
367 2343 497 2430 quidem
519 2359 554 2412 et
575 2369 594 2412 a
612 2346 785 2413 Veteribus
804 2347 893 2413 hunc
910 2345 1027 2412 librum
1041 2362 1170 2417 memo,

164 2437 216 2515 rari,
230 2465 291 2507 non
304 2444 449 2510 memini.
478 2448 624 2514 Stobaeus
637 2448 670 2513 in
684 2447 855 2535 Florilegio
869 2449 973 2514 Serm.
989 2445 1051 2512 111.
1068 2466 1101 2532 p.
1112 2464 1167 2531 39.

166 2535 223 2606 edit.
236 2544 377 2624 Gesneri,
399 2567 432 2632 p.
447 2548 500 2611 81.
522 2548 600 2613 edit.
618 2549 771 2629 Schowii,
793 2548 927 2636 apponit
948 2547 1023 2613 hinc
1045 2544 1167 2623 locum,

165 2643 252 2726 quiest
270 2670 303 2733 p.
322 2669 395 2735 103.
411 2651 453 2716 A.
477 2652 523 2718 κα)
539 2656 598 2739 γὰρ
616 2655 675 2739 περὶ
688 2651 988 2743 τᾶγαθόν-χρηςῖον,
1009 2649 1097 2713 nulla
1118 2663 1167 2712 ta·

164 2761 218 2810 men
243 2749 352 2814 addita
376 2751 448 2817 libri
475 2752 691 2840 inscriptione,
721 2775 796 2819 eum
824 2752 970 2841 apponit,
992 2749 1046 2816 sed
1068 2748 1168 2813 inter-

164 2847 276 2926 pofitum
295 2851 422 2917 duobus
440 2854 510 2918 aliis
532 2855 727 2920 Plutarcheis
746 2854 826 2920 locis
846 2854 963 2920 notatis
985 2849 1114 2916 nomine
1135 2863 1170 2915 et

163 2940 217 3013 libri
227 2965 257 3015 et
271 2953 425 3018 autioris:
448 2955 550 3035 alteri,
564 2955 741 3043 Πλέταρχος
756 2961 782 3020 ir
796 2962 835 3040 τῷ
847 2956 916 3043 περὶ
934 2960 982 3032 τῆς
994 2957 1089 3031 ἠθικῆς
1103 2955 1169 3041 irpr-

162 3052 209 3123 ’ἦξε
230 3053 331 3134 alteri,
349 3061 407 3119 Τοῦ
428 3060 523 3137 αὐτοῦ,
545 3063 568 3120 ri
587 3057 726 3143 χρήσιμόν
746 3061 786 3131 ira
804 3057 965 3140 σρᾶγνωσις
978 3065 1032 3120 τῶν
1049 3054 1170 3136 μελλόν-

161 3171 216 3214 rm:
238 3175 297 3217 nec
319 3167 428 3218 tamen
450 3155 525 3220 inde
547 3155 683 3242 suspicer
702 3178 775 3220 eum
796 3178 815 3218 a
836 3155 965 3220 Stobaeo
979 3151 1011 3216 in
1026 3151 1107 3217 libro
1121 3152 1173 3216 De

162 3248 265 3318 Virtute
278 3256 411 3336 Manli,
426 3258 482 3344 qui
500 3283 585 3323 nunc
598 3260 706 3338 exstat,
721 3259 841 3326 leitum
855 3257 956 3322 fuiffe.
985 3255 1083 3343 Quod
1096 3277 1172 3321 vero

159 3351 300 3444 Iampriae
316 3357 492 3445 catalogus
509 3361 613 3424 Num.
629 3360 720 3424 CIX.
735 3359 846 3438 habet,
862 3357 1096 3446 σαςαιινθητικός
1107 3357 1173 3441 πρὸς

159 3453 361 3539 Ἀσκληπιάδην,
377 3459 514 3526 diversus
528 3460 617 3526 fuiffe
635 3461 760 3526 videtur
773 3458 889 3525 abhoc
903 3458 998 3537 libro,
1019 3479 1080 3522 nec
1099 3478 1172 3521 cor·

159 3555 315 3644 rigendum
342 3582 418 3634 cum
440 3561 625 3626 Hoeschelio
645 3561 842 3640 Ἀπολλώνιον,
865 3573 903 3626 ut
919 3559 1074 3648 judicavit
1096 3560 1173 3625 item

155 3655 180 3720 13
191 3661 231 3724 A.
247 3660 409 3725 Fabricius
430 3661 515 3726 Bibl.
534 3664 640 3726 Graec.
661 3662 737 3728 Vol.
752 3665 815 3727 111.
837 3685 869 3748 p.
883 3682 959 3748 350.
995 3664 1081 3728 Nam
1096 3663 1173 3728 Mae

156 3760 245 3824 carius
271 3760 562 3848 Chrysocephalus,
588 3764 621 3827 in
649 3763 743 3850 cujus
763 3763 934 3830 Rhodonia
958 3764 1033 3826 MS.
1056 3762 1174 3849 exstrqtt
1268 3822 1273 3830 ,

155 3856 227 3926 inter
254 3862 443 3928 Plutarchea
475 3867 634 3950 Excerpta
664 3864 763 3930 etiam
792 3869 823 3928 ἐκ
850 3873 898 3928 τοῦ
925 3868 961 3938 εἰς
991 3860 1176 3926 Ἀπολλώνιον

155 3966 394 4042 σαραμυθητικοῡ,
424 3976 460 4027 ut
493 3964 638 4029 novimus
665 3986 705 4029 ex
739 3964 905 4032 Villoisoni
932 3960 1109 4028 Anecdotis
1139 3982 1174 4046 p.

157 4077 201 4124 ιο.
226 4061 279 4128 hic
301 4061 403 4150 igitur
425 4086 489 4130 non
514 4065 596 4131 este
622 4065 805 4145 Veteribus,
832 4064 885 4132 sed
906 4087 925 4129 e
947 4062 1063 4128 Secuto
1081 4064 1174 4130 XIV.

155 4159 292 4248 scriptor.

191 4269 240 4332 Est
261 4268 394 4336 omnino
414 4271 564 4361 egregius
593 4271 647 4337 hic
674 4271 768 4354 liber,
793 4283 995 4360 argumento,
1022 4270 1176 4354 dotrina,

619 4394 641 4439 Υ
657 4393 715 4461 y4
