2700 4928
82 808 426 905 DANIELIS
468 805 1047 902 WYTTENBACHII

265 1064 872 1148 ANIMADVERSIONES

551 1318 591 1362 itt

364 1526 776 1625 PLUTARCHI

56 1802 462 1870 APOPHTHEGMATA
488 1802 653 1867 REGUM
676 1802 731 1866 ET
751 1801 879 1867 BELLI
901 1801 1082 1868 DUCUM.

440 2048 709 2099 ...Q-.-

60 2250 107 2360 P
108 2346 117 2362 .
135 2314 207 2383 172.
215 2240 264 2364 Ἀ.
291 2302 614 2364 ΑΠΟΦΘΕΓΜΑΤΑ
635 2298 848 2366 ΒΑΣΙΛΕΩΝ
870 2303 942 2362 ΚΑΙ
963 2297 1085 2365 zm·

60 2401 231 2485 tumn]
257 2403 331 2466 Hoc
346 2401 474 2466 nomine
488 2401 633 2488 proditur
647 2401 807 2465 Plutarchi
827 2400 907 2466 liber
927 2401 960 2466 in
983 2404 1086 2488 Sopa-

61 2501 103 2566 tri
124 2501 255 2589 Fclogis
280 2501 366 2588 apud
390 2501 537 2566 Photium
562 2501 645 2567 eod.
669 2503 788 2567 CLXI.
815 2523 848 2587 p.
868 2522 944 2586 341.
968 2520 1030 2588 25:
1054 2518 1088 2570 et

62 2602 197 2668 Macarii
220 2602 485 2691 Chrysocephnlae
508 2604 624 2668 Roseto
645 2603 731 2688 apud
751 2602 963 2690 Villoisonunt
984 2605 1016 2667 in
1036 2609 1087 2669 A·
1173 2662 1180 2678 ,

63 2703 209 2768 necdotis
223 2705 281 2768 Gr.
302 2725 335 2790 p.
351 2726 382 2791 9.
417 2707 465 2768 At
483 2703 515 2767 in
538 2704 694 2789 Lampriae
710 2703 867 2789 Catalogo
879 2703 942 2766 alio
958 2704 1087 2768 nomine

64 2819 274 2893 memoratum
298 2804 449 2891 fiquidem
464 2806 567 2869 Num.
580 2804 668 2868 CVl.
684 2803 833 2868 editionis
847 2802 1089 2870 Hoeschelianiae

65 2907 231 2992 inscn'ptue
246 2906 325 2971 liber
338 2906 554 2991 Ἀποφθέγμαῖα
569 2909 730 2990 ἡγεμονικοὶ,
744 2908 915 2989 ςρατηγικᾶ,
932 2909 1089 2991 τυραννικὰ,

66 3008 118 3073 hic
134 3008 198 3094 ipse
211 3006 377 3072 habendus
391 3007 446 3070 fit:
469 3020 503 3070 at
524 3006 557 3070 in
579 3005 725 3090 exemplo
739 3006 866 3069 Veneto
880 3004 976 3092 hujus
990 3005 1089 3070 Cata-
1117 3071 1122 3077 ,

65 3108 132 3196 logi
146 3108 278 3173 omnino
300 3129 374 3171 cum
397 3106 498 3171 tribue
519 3105 668 3192 proximis
686 3103 801 3168 libellis
819 3104 940 3169 silentio
959 3119 1091 3191 praeter·

66 3211 215 3275 mittitur.
261 3211 298 3273 In
320 3209 441 3274 Stobaei
466 3207 636 3295 Florilegio
660 3207 712 3272 ed.
736 3208 866 3272 Gesneri
891 3208 992 3272 Serm-
1012 3209 1091 3273 Vll.

67 3332 99 3397 p.
112 3327 165 3397 95.
188 3310 325 3398 Agesilai
339 3310 382 3374 est
394 3309 518 3373 dicium
531 3308 571 3372 de
586 3307 773 3373 fortitudine
787 3323 820 3372 et
833 3307 965 3395 justitia,
981 3307 1093 3374 addito

67 3411 99 3476 in
127 3413 272 3499 margine
299 3411 429 3475 nomine
455 3410 612 3473 Plutarchi
640 3410 672 3473 in
697 3410 915 3496 Apopbtbcgm.
945 3409 1031 3495 quod
1059 3409 1092 3475 in

67 3511 314 3577 ‘l'rincavelliana
327 3525 453 3575 tantum
476 3511 604 3575 nomine
622 3510 797 3596 Ἀγησιλάου
811 3524 957 3573 notatum
972 3510 1037 3574 est:
1060 3525 1095 3575 at

69 3612 100 3677 in
114 3612 304 3678 Schowiana
319 3635 352 3699 p.
367 3632 440 3698 203.
455 3618 500 3675 Τῦ
515 3617 598 3676 αὐτοῦ
617 3612 750 3696 (scilicet
764 3613 946 3700 Πλετάςχυ)
964 3616 990 3675 lv
1003 3614 1092 3676 'Aco-

69 3713 249 3796 φθίγμσινε
273 3734 360 3777 nunc
378 3712 411 3777 in
426 3712 489 3776 hoc
503 3712 585 3777 libro
605 3712 722 3798 legitur
741 3733 773 3797 p.
791 3732 862 3798 190.
879 3715 919 3776 F:
950 3712 982 3777 in
1001 3715 1094 3797 Apo·

69 3815 240 3902 phthegm.
263 3814 429 3879 Laconicis
451 3835 483 3899 p.
501 3833 574 3899 2¹3·
592 3814 640 3877 B:
670 3812 702 3877 in
721 3813 797 3879 Vita
814 3812 951 3899 Agefilai
971 3835 1004 3900 p.
1019 3815 1094 3896 607.

70 3916 107 3979 E.
144 3915 208 3980 Sed
229 3931 263 3980 et
286 3914 371 4000 apud
393 3914 543 3979 eumdem
567 3914 743 3994 Stobaeum,
770 3913 963 3990 Maximum,
987 3914 1095 3977 Anto-

73 4016 174 4095 nium,
188 4017 240 4082 Jo.
254 4016 501 4092 Damascenum,
520 4013 590 4078 alite
608 4013 696 4077 haud
710 4033 822 4098 paucae
837 4011 956 4075 exstant
971 4012 1096 4077 senten-

71 4116 136 4195 tioe,
159 4116 288 4180 nomine
303 4114 459 4179 Plutarchi
473 4113 605 4179 subinde
625 4113 748 4191 addito,
770 4112 852 4197 saepe
873 4110 996 4191 omilin,
1018 4134 1097 4198 quae

73 4216 106 4281 in
132 4216 184 4281 bie
210 4215 536 4378 Apophthepmatum
564 4212 758 4280 Plutarcheis
786 4212 874 4280 libris
898 4212 1096 4280 invenimus:

1195 4464 1296 4608 A·
