2700 4928
288 352 342 412 DE
362 352 681 413 SUPERSTITIONE.
702 352 893 427 p.167.A,B.
1029 358 1102 409 1013

68 530 145 573 uae:
170 513 258 598 apud
281 515 443 579 Platonem
467 516 499 580 in
522 514 655 601 Gorgia,
672 517 750 600 Rep.
766 515 808 576 X.
825 510 984 578 Phaedone
998 511 1054 575 ubi
1068 524 1103 576 et

66 614 230 698 ἁποῤῥῶγος
244 619 328 699 ςυγός
342 616 494 681 dicuntur
506 617 612 703 ῥύακος.

115 716 190 797 167.
206 719 249 781 A.
273 718 318 797 xo)
336 717 403 802 ῖτῷ
415 725 519 781 παθεῖν
534 716 753 802 ἓκκῖφωγεμ]
777 719 857 781 Haec
871 730 904 779 et
917 713 1100 779 verisimilli-

69 835 124 879 ma
137 816 305 903 scriptura,
319 834 350 883 et
370 820 560 882 conveniens
575 833 766 905 argumento
780 817 944 882 sententia.
981 815 1100 880 Simili·
1136 843 1139 847 ’

68 926 120 978 ter
141 915 173 979 in
198 918 260 982 alia
283 942 316 983 re
338 920 403 983 Dio
426 919 539 1005 Chrys.
564 920 620 983 Or.
643 920 763 983 LXIV.
785 939 817 1003 p.
831 937 906 1003 593.
924 918 971 981 C:
995 917 1099 1003 ἡτῦχιι

66 1020 127 1101 γὰρ
142 1021 219 1104 αὐτῷ
231 1021 263 1082 τὸ
276 1022 357 1101 μηδὲν
372 1026 468 1083 παθεῖν
480 1018 718 1107 κεςικοιησαμίυη,
739 1021 771 1083 σῖ
789 1023 894 1103 ἀγνοεῖν
907 1018 1011 1081 ἔδωκεν·
1036 1017 1099 1104 hup

66 1112 159 1196 ὅμοιον
171 1116 202 1194 ἦν
214 1127 254 1204 τῷ
268 1124 307 1201 μὴ
322 1126 436 1184 παθεῖν.

116 1220 189 1303 167.
205 1224 247 1285 A.
269 1224 375 1308 ψυχῆς,
396 1221 486 1306 ὥσπερ
509 1222 638 1304 ὀμμάτων
649 1224 814 1308 σολλῶν-]
841 1222 921 1285 Haec
944 1219 1097 1285 Platonici

65 1318 142 1384 sunt
155 1321 282 1401 coloris,
298 1323 510 1409 comparanda
527 1346 601 1387 cum
618 1324 667 1399 iis,
682 1346 754 1408 quae
773 1322 813 1386 de
831 1322 924 1385 animi
944 1321 1023 1386 oculo
1039 1342 1095 1386 ex·

66 1422 232 1508 posuimus
252 1425 293 1489 ad
315 1428 383 1489 Ser.
405 1428 506 1489 Num.
522 1424 619 1489 Vind.
643 1447 676 1510 p.
697 1427 772 1508 563.
793 1426 842 1487 E:
867 1423 982 1508 partim
998 1423 1095 1487 etiam

65 1525 283 1610 comparanda
297 1548 370 1589 cum
387 1526 478 1589 dielis
494 1526 525 1588 in
541 1526 663 1590 Timaeo
677 1545 710 1609 p.
722 1543 798 1608 533.
813 1524 856 1587 D.

111 1628 186 1709 167.
202 1629 239 1691 B.
262 1629 395 1705 Μυσικῆν
418 1645 496 1708 φησιν
519 1633 532 1688 ὀ
556 1627 735 1711 Πλάτων-]
764 1626 838 1690 Non
854 1647 892 1689 ex
907 1646 972 1687 uno
988 1623 1093 1689 Plato-

66 1725 117 1791 nis
138 1727 213 1791 loco
234 1730 347 1806 sumta,
363 1730 415 1794 sed
430 1729 572 1815 pluribus
594 1729 625 1791 in
648 1727 736 1791 libris
749 1727 871 1812 sparsim
892 1725 1020 1804 tradita,
1042 1726 1093 1789 in·

66 1824 172 1911 deque
194 1828 328 1894 collee’ta
349 1828 440 1892 sunt:
466 1831 560 1912 ψυχῆς
574 1827 694 1911 περίοδοι
714 1849 753 1890 ex
769 1826 891 1889 Timaeo
912 1846 945 1910 p.
959 1842 1034 1909 552.
1050 1827 1093 1891 A.

65 1928 115 1990 E:
140 1928 269 2006 ἀνελίξεις
290 1937 339 1992 τοῦ
360 1930 477 2002 παντός.
514 1950 547 2013 p.
567 1944 638 2011 175.
660 1931 704 1991 A.
720 1928 764 1990 Ι).
797 1927 867 1992 182.
881 1927 931 1990 A:
956 1925 1093 2011 plurima

66 2042 175 2095 temen
191 2054 230 2097 ex
244 2033 358 2097 eodem
372 2033 494 2096 Timaeo
510 2053 542 2117 p.
552 2048 627 2115 533.
643 2033 690 2094 E:
714 2029 774 2093 ὅσον
787 2032 812 2093 τ’
827 2028 863 2093 αὖ
876 2035 996 2112 μυσικῆς
1009 2036 1092 2112 φωνῆς

62 2131 219 2218 χρήσιμον,
235 2135 299 2220 πρὸς
313 2138 406 2211 ἀκοὴν,
425 2133 502 2196 ἕνεκα
517 2132 645 2217 ἁρμονίας
658 2133 697 2204 ὲςῖ
712 2128 797 2194 δοθέν·
822 2137 836 2207 ἡ
852 2131 878 2193 δὲ
891 2130 1006 2218 ἁρμονία
1018 2134 1091 2216 ξυγ·

63 2237 152 2317 γονεῖς
169 2233 266 2320 ῖχιισα
278 2240 361 2323 φοςοὶς
374 2239 435 2309 ταῖς
449 2238 474 2297 ἐν
489 2239 551 2315 ἡμῖν
568 2239 615 2307 τῆς
634 2236 728 2318 ψυχῆς
746 2232 890 2317 ωερῖοδοις,
905 2238 945 2318 τῷ
959 2236 1031 2315 μισοῖ
1048 2239 1091 2298 νοῦ

63 2334 279 2421 ηοω-χρωμένῳ
299 2335 426 2418 μούσαις,
450 2340 497 2397 οὐκ
517 2337 554 2415 ἐφ’
570 2336 657 2410 ἡδονὴν
676 2333 793 2417 ἄλογον,
815 2334 943 2421 καθάπερ
960 2341 1002 2396 νιῖν
1019 2336 1092 2397 δοκεῖ

63 2433 129 2510 ulra!
148 2437 299 2519 χρήσιμος,
322 2439 389 2499 ἀλλ’
405 2438 445 2498 ἐπὶ
464 2440 512 2512 τὴν
533 2439 678 2519 γεγονυῖαν
699 2438 725 2496 ἐν
744 2439 805 2516 ἡμῖν
825 2435 977 2521 οἰνίφμοςον
994 2437 1089 2521 ψυχῆς
1157 2444 1160 2449 ’

62 2535 202 2623 σιςῖοδον,
225 2541 260 2611 οῖς
280 2538 490 2618 κατακόσμησιν
512 2539 559 2599 καῖ
583 2537 738 2618 συμφωνίαν
765 2543 845 2621 ἑαυτῇ
868 2539 1019 2624 ξύμμαχος
1039 2540 1089 2603 ὑκό

60 2644 172 2720 μουσῶν
186 2637 298 2716 δίδοτας.
324 2638 417 2701 Unde
432 2637 566 2723 profecit
583 2636 673 2701 Philo
693 2638 769 2701 Jud.
787 2638 839 2703 De
859 2637 1012 2702 Vieu'mas
1027 2637 1087 2703 of·

60 2738 178 2802 ferent.
201 2760 234 2824 p.
251 2740 323 2824 859.
343 2742 392 2802 E:
417 2743 467 2815 ἡδ’
483 2743 550 2815 οῖκοῆ
565 2745 667 2823 χρῆμα
687 2740 718 2799 δι’
734 2738 763 2814 ἦς
780 2738 851 2820 μέλη
871 2737 916 2818 καῖ
929 2740 1026 2825 ῥυθμοὶ
1041 2738 1088 2820 καὶ

59 2840 152 2902 πάνθ’
177 2839 230 2902 ὅσα
260 2845 335 2902 κατοὶ
357 2845 404 2917 τὴν
428 2844 558 2923 μουσικὴν
582 2837 752 2924 ἐπικρίνων
782 2840 833 2922 ᾠδὴ
855 2843 914 2923 γὰρ
936 2836 983 2917 καῖ
1003 2839 1087 2924 λόγος

58 2945 164 3024 hymni
178 2940 225 3007 καῖ
237 2942 357 3028 corrigia
372 2943 507 3028 φάρμακα
522 2949 536 3017 ἢ
551 2942 601 3022 μὲν
618 2944 655 3002 τὰ
674 2941 758 3016 πένθη
775 2939 968 3026 κατηᾴὸυσα,
987 2940 1034 3020 καὶ
1053 2945 1085 3007 σῖ

58 3041 196 3131 ἔῤῥυθμον
213 3048 239 3106 ir
256 3048 317 3125 ἡμῖν
329 3048 452 3130 ῥυθμοῖς,
466 3047 497 3107 τὸ
512 3046 539 3106 δὲ
554 3045 665 3123 ἐκμελὲς
686 3042 796 3124 μέλεσι,
816 3046 846 3106 τὸ
863 3046 890 3106 δὲ
907 3043 1016 3133 ἅμεῖςον
1029 3045 1083 3128 μέ-

56 3169 129 3229 τροις
148 3144 341 3227 ῖινιςομίζυσα·
366 3146 419 3208 ubi
434 3146 519 3209 haud
534 3145 596 3209 scio
616 3167 656 3208 an
674 3167 748 3208 cum
768 3146 932 3232 Maugeyo
947 3146 1011 3234 legi
1025 3148 1082 3212 de·

54 3246 132 3309 beat
156 3249 354 3327 ἔπινον-μοῦσα.
393 3246 583 3310 Conferatur
603 3257 637 3310 et
657 3245 770 3309 Theon
791 3246 823 3309 in
843 3247 1083 3314 Mathematicis

55 3344 200 3411 Platonis
227 3366 261 3431 p.
287 3364 336 3408 12.
361 3347 423 3430 seq.
451 3361 484 3408 et
512 3358 621 3408 notata
649 3345 741 3409 nobis
768 3345 860 3431 supra
885 3368 918 3433 p.
944 3352 1016 3433 156.
1040 3350 1080 3415 C.

53 3445 119 3509 Pro
132 3445 249 3520 κνήσεως
263 3445 317 3508 dat
331 3447 456 3521 κινήσεως
470 3445 615 3530 Exempl.
627 3447 726 3509 Turn.
743 3460 775 3509 at
789 3446 867 3511 illud
881 3447 994 3535 reliqui
1009 3473 1081 3516 om·

52 3567 112 3609 net
132 3544 285 3610 exhibent
306 3546 398 3621 lihri:
422 3552 512 3623 κνῆσις
527 3569 590 3609 non
606 3547 647 3609 est
663 3547 695 3610 in
710 3548 845 3628 lexicis,
860 3548 956 3615 habet
972 3566 1080 3619 tamen

53 3646 245 3712 Plutarchus
260 3648 292 3711 in
307 3650 453 3712 Amator.
475 3670 507 3733 p.
523 3653 597 3734 769.
613 3652 651 3714 E.
669 3666 701 3713 et
715 3644 938 3716 riestituendum
956 3654 1080 3720 Platoni

46 3748 188 3836 *Philebo
209 3771 242 3834 p.
258 3750 309 3812 86.
327 3751 380 3813 H:
404 3749 444 3813 de
467 3751 562 3814 verbo
584 3751 723 3815 ἁνιλίτῖων
744 3751 881 3817 diximus
902 3775 935 3839 p.
951 3756 1004 3839 83.
1022 3757 1076 3820 Dr

51 3853 176 3934 παρνῖνας
198 3861 234 3912 ut
255 3849 329 3912 alibi
351 3849 443 3912 servit
464 3848 644 3933 periphrafi,
667 3850 764 3913 veluti
786 3873 818 3936 p.
838 3853 890 3914 61.
912 3853 956 3915 A.
976 3854 1020 3916 D.
1036 3854 1076 3918 E.

53 3967 105 4034 97.
127 3951 165 4013 E.
188 3961 225 4013 ut
247 3963 365 4013 temere
388 3951 532 4037 Bryanus
558 3965 716 4014 mutatum
742 3952 876 4015 voluerit
901 3952 934 4015 in
955 3952 1078 4038 πραΰνας

53 4050 121 4115 Vrt.
136 4052 176 4115 Τ.
192 4053 218 4114 I.
241 4071 272 4135 p.
290 4066 341 4134 77.
358 4070 396 4116 2:
421 4071 613 4137 quamquam
634 4067 667 4117 et
690 4052 815 4116 codices
835 4052 965 4138 quidam
988 4054 1076 4133 aliud

53 4151 221 4219 exhibent:
245 4152 289 4216 D.
305 4167 338 4216 et
352 4174 464 4239 margo
478 4152 553 4240 xyl.
569 4159 707 4226 καθνςῖινι
731 4153 823 4219 Harl.
837 4163 960 4238 πρῶτον.

519 4272 610 4340 3Τό
