2700 4928
169 335 389 399 CONSOLAT.
405 337 461 397 AD
473 334 756 396 APOLLONIUM.
768 354 797 412 p.
807 337 958 405 106.B,C.
1017 343 1076 411 719

75 501 172 586 proptia
183 500 335 587 deportare
349 500 475 579 domum,
492 523 580 586 quom
594 523 629 562 ex
643 498 783 562 communi
798 497 978 583 miseriarum
994 512 1076 561 acer·-
1200 532 1203 541 =

75 618 104 662 tu
111 602 260 685 portionem
268 603 360 688 suam
371 601 471 687 ferre,
485 599 619 663 mallent.
660 599 724 683 Quo
739 597 906 683 colligebat,
920 623 978 661 non
993 613 1076 685 opor-

73 710 120 761 tere
141 725 199 779 nos,
221 724 291 788 qna
308 702 438 788 fortuito
461 701 626 786 potiemur,
645 699 808 787 praecipuae
835 712 862 761 et
884 699 1079 764 intolerabilis

70 802 260 866 amaritudinis
271 802 423 891 judicare.
460 803 608 866 Imitatus
628 803 671 866 est
687 800 856 868 Chorieius
871 801 1016 885 Sophiste
1029 802 1078 867 Ο·

69 914 117 963 rat.
138 905 271 967 Funebr.
293 904 326 966 in
351 903 539 988 Procopium
562 904 643 966 Gaz.
669 901 701 987 §.
716 917 769 985 35.
796 901 880 985 apud
901 901 1078 967 Fabricium

68 1000 139 1066 Bibl.
159 1006 216 1069 Gr.
230 1006 325 1070 VIII.
348 1027 382 1090 p.
399 1006 480 1089 859:
505 1003 562 1084 Kai
578 1029 625 1085 μοι
646 1007 718 1066 δοκεῖ
729 1003 806 1077 εἴτις
819 1008 887 1066 θεῶν
900 1004 1005 1078 πάντας
1026 1008 1077 1067 ἄν·

66 1103 165 1188 &peirac
177 1110 212 1179 εἰς
226 1104 273 1167 ἕνα
286 1131 325 1167 πε
337 1114 430 1190 χῶρον
443 1100 624 1188 συναγαγών,
640 1104 736 1177 ἕκαςον
754 1104 897 1181 ἀπαιτήσει
917 1108 965 1180 τὴν
982 1112 1078 1170 ἑαυτοῦ

64 1204 226 1287 dimicabat
245 1206 346 1291 τιᾶην,
369 1203 430 1269 sira
449 1205 557 1268 πάντων
579 1205 713 1284 εἰπόντων,
728 1204 817 1277 iacies
838 1205 958 1268 πύθοιτο
973 1204 1077 1287 oraim,

51 1305 133 1369 roias
145 1306 217 1392 ὅχειν
232 1308 340 1386 iterem
363 1308 468 1382 πάντας
483 1307 518 1370 ἄν
531 1312 664 1392 inspicat
681 1306 781 1388 μηδένα
796 1309 915 1387 ζηλωτὸν
929 1308 1076 1389 tespites.

61 1407 150 1494 Quod
171 1410 359 1474 Plutarchus
380 1409 461 1473 dixit
480 1414 550 1490 φωνὴ
568 1407 683 1490 οἰομένη,
705 1409 816 1471 ditium
833 1422 957 1496 putans,
977 1410 1080 1473 auda‹

60 1504 122 1574 cius
145 1509 281 1574 formata
299 1511 341 1574 est
363 1509 566 1595 conjunctio:
600 1509 678 1573 item
703 1524 810 1572 tamen
830 1508 957 1572 Iocutus
980 1510 1022 1572 est
1045 1510 1078 1574 in

60 1609 144 1674 Orat.
164 1610 204 1675 de
225 1612 311 1677 Virt.
332 1611 426 1675 Alex.
451 1612 495 1674 Il.
520 1632 552 1696 p.
569 1611 643 1695 338.
660 1612 709 1673 E:
739 1611 795 1672 ost}
813 1614 897 1692 φωνὴν
919 1613 1080 1673 ἐπαινοῦσαν

56 1712 86 1774 rl
99 1711 203 1787 κάλλας
217 1713 329 1789 ἥκωσιν.
365 1713 417 1777 De
432 1704 504 1776 Ifid.
520 1727 554 1776 et
568 1712 645 1776 Osrr.
659 1733 693 1796 p.
706 1727 781 1795 355.
798 1712 838 1774 E.

99 1815 172 1877 106.
183 1813 222 1875 B.
243 1810 471 1897 Ἀντίμαχος-ι]
505 1814 603 1876 Hunc
628 1834 646 1874 e
668 1811 796 1875 clafficis
821 1810 922 1898 poetis
944 1811 1083 1877 heroicis

54 1911 215 1999 quintum,
231 1913 373 1998 quamvis
392 1912 563 1999 perditum,
584 1934 678 1975 nemo
693 1911 835 1996 ignorate
863 1911 932 1996 ejus
953 1933 1079 1977 memo·-

52 2010 133 2075 riam
146 2010 326 2075 instauravit
337 2023 371 2075 et
385 2009 531 2097 reliquias
546 2010 677 2095 collegit
690 2009 877 2074 audior-itate
890 2025 923 2073 et
936 2012 1081 2096 auspiciis
1187 2047 1188 2050 ¹

51 2112 85 2178 J.
105 2111 150 2176 A.
169 2111 296 2190 Wolfii,
324 2111 444 2198 egregii
473 2112 541 2191 viri,
571 2110 850 2196 Schellenbergius
878 2111 971 2176 Haiae
996 2133 1086 2179 anno

54 2213 150 2296 1786.
182 2214 235 2277 De
249 2211 436 2277 Antimachi
449 2211 540 2299 Lyda
557 2212 654 2276 etiam
669 2211 789 2275 notavit
803 2211 952 2297 exquisita
966 2213 1080 2277 Ruhna

46 2312 171 2394 nkeniua
186 2314 288 2378 noster
303 2313 343 2376 ad
357 2313 630 2378 Hermesranactis.
642 2315 872 2399 Fragmentum
887 2313 921 2377 in
944 2314 1082 2402 Epistola

52 2413 138 2479 crit.
154 2415 201 2478 11.
219 2435 252 2499 p.
268 2432 340 2498 292.

99 2517 172 2580 106.
188 2518 227 2579 B.
249 2518 364 2602 ἡρωϊκὰς
379 2517 533 2601 συμφορὰς]
559 2515 633 2579 Fuit
651 2513 736 2579 enim
758 2514 830 2579 haec
848 2527 938 2580 vetus
959 2517 1084 2602 opinio,

51 2617 201 2684 Deorum
223 2616 303 2680 lilios
320 2617 352 2679 in
374 2616 483 2701 primis
503 2615 735 2680 calamitatibus
756 2617 883 2703 plenam
903 2617 1019 2704 degiffe
1033 2620 1081 2684 vi-

51 2734 135 2784 tam.
173 2719 279 2781 Exstat
304 2717 336 2780 in
362 2717 444 2782 hanc
468 2717 655 2781 sententiam
680 2718 770 2782 Iocus
800 2718 970 2782 Simonidis
995 2721 1083 2805 apud

52 2820 148 2884 Stob.
166 2817 272 2883 Floril.
292 2819 357 2883 Tit.
376 2818 499 2883 XCVI.
522 2839 555 2903 p.
569 2832 644 2903 529.
681 2819 869 2884 Ubenimus
890 2818 1082 2886 consolatio-

53 2921 104 2985 nis
129 2921 214 2998 fons,
240 2920 327 2984 unde
350 2922 418 2983 suas
441 2919 669 3005 disputationes
690 2921 857 3007 irrigarent
881 2921 1085 3008 philosophis

51 3023 204 3109 frequens
223 3022 256 3084 in
278 3021 340 3085 hoc
362 3034 552 3106 argumento
573 3021 615 3084 est
637 3024 770 3101 Seneca,
789 3023 924 3087 maxime
946 3023 978 3087 in
1000 3025 1082 3093 libro

102 3328 174 3389 106.
190 3326 226 3388 B.
251 3326 334 3388 κοινὸν
356 3326 377 3410 ’b
399 3333 508 3389 πολλῶν
527 3323 592 3405 eim
612 3327 643 3388 ri
663 3322 887 3411 reperirem-ff
914 3328 1082 3415 pervulga·

53 3442 130 3493 tum
144 3426 224 3491 illud
236 3425 371 3510 solamerl
385 3427 496 3512 mijiro,
509 3427 603 3512 socios
623 3426 714 3489 habui
739 3425 920 3505 emulorum,
935 3431 1083 3514 complu·

54 3550 107 3594 res
127 3528 226 3592 habet
246 3526 419 3590 formulas:
442 3527 540 3590 veluti
561 3526 659 3606 illam,
679 3525 770 3614 plena
790 3526 877 3590 malis
891 3540 983 3607 terra,
1004 3531 1084 3608 πλείη

54 3631 108 3711 μὲν
125 3633 185 3715 γὰρ
205 3632 278 3712 γαῖα
292 3636 394 3706 κακῶν,
411 3649 444 3712 p.
459 3645 530 3711 105.
549 3629 597 3690 E:
620 3640 776 3706 tumfnon
788 3627 861 3689 mihi
870 3628 945 3714 soli,
964 3652 997 3715 p.
1013 3650 1084 3694 110.

55 3732 100 3807 C,
114 3732 167 3793 D:
190 3743 261 3793 tum
276 3728 371 3807 hanc,
388 3729 427 3792 de
441 3750 505 3814 qua
517 3727 580 3792 hoc
595 3727 667 3792 loco
681 3728 809 3807 dicitur,
823 3727 924 3793 ntaltis
937 3731 1037 3793 eadem
1050 3755 1086 3795 ae

50 3833 156 3921 peiora
170 3830 360 3893 acciderunt:
382 3827 423 3892 de
437 3851 501 3913 qua
512 3829 642 3915 egregia
662 3830 746 3907 sunt,
768 3851 840 3915 quae
859 3831 977 3893 exstant
999 3832 1087 3915 apud

55 3933 252 3998 Ciceronem
268 3930 361 3994 Tusc.
378 3930 440 3992 ΙΙΙ.
456 3946 508 4013 25·
523 3945 557 3993 et
576 3931 739 3994 Stobaeum
753 3952 772 3993 e
786 3932 907 3994 Graecis
921 3930 1090 4018 descripta,

54 4034 196 4100 Eusebio
209 4046 243 4096 et
257 4030 436 4095 Menandro
451 4052 483 4116 p.
494 4033 576 4116 567:
599 4031 742 4095 Timocle
757 4052 790 4116 p.
805 4032 867 4093 616
881 4055 892 4093 :⁴
909 4030 1087 4116 Apollonirr

53 4160 92 4224 p.
103 4135 168 4198 618
181 4159 193 4196 z
215 4133 400 4196 Philemone
414 4152 446 4215 p.
457 4135 534 4216 567.

105 4237 180 4303 106.
197 4233 238 4299 C.
259 4236 311 4307 Ὡς
326 4238 354 4298 οὐ
368 4233 475 4309 δικαίως
491 4233 665 4317 &diaron-4
690 4236 738 4299 Ex
752 4233 815 4299 hoc
833 4253 898 4298 uno
919 4236 1089 4322 cognitum

52 3125 108 3189 De
131 3121 343 3203 Providentia,
359 3143 398 3185 ex
418 3143 483 3207 quo
504 3121 658 3185 nonnulla
670 3121 877 3190 delibabimus
898 3124 939 3188 ad
960 3143 1087 3211 p.117.-

1183 4394 1272 4636 l
