2700 4928
169 342 228 413 716
359 338 459 401 11111.
480 339 687 413 ANIMADV.
706 338 754 399 IN
774 336 1004 399 PLUTARCHI

168 500 325 569 calvitiem
348 502 459 567 frontis
480 501 588 568 laurea
607 502 710 569 celare
725 501 863 567 solebat:
887 498 976 588 quod
991 505 1099 564 narrat
1113 496 1200 562 Sue·

169 604 276 672 tonius
293 602 373 668 Caes.
386 620 440 689 45.

172 731 176 741 ·
213 707 285 769 118.
300 709 337 770 E.
361 706 607 793 Πρωταγόρας-]
633 704 792 792 Egregiae,
809 703 893 769 illius
905 701 1023 781 etatis,
1037 697 1195 788 reliquia:

169 804 346 893 cujusmodi
369 807 507 895 reliquiis
536 807 700 886 servandis,
725 807 824 873 libelli
852 806 986 892 scriptor
1012 802 1109 868 facile
1133 825 1192 868 non

167 904 266 972 modo
283 907 420 987 veniam,
435 908 488 973 sed
507 922 540 975 et
552 909 686 995 gratiam
703 907 788 996 apud
807 929 865 972 nos
880 905 1002 970 invenit
1015 896 1145 993 relique
1160 904 1189 969 in

167 1003 342 1073 disserendo
366 1008 530 1073 tenuitatis
556 1032 592 1073 ac
617 1008 815 1087 temeritatis,
840 1007 904 1071 fine
933 1028 998 1092 qua
1019 1025 1192 1091 numqusm·

166 1108 249 1174 hanc
268 1108 301 1173 in
321 1110 517 1196 apponendis
537 1109 647 1174 alienis
669 1110 803 1197 dapibus
824 1108 1051 1175 liberalitatem
1071 1108 1187 1174 secutus

165 1208 281 1274 initiet.
317 1211 404 1296 Ergo
424 1213 609 1297 Protagoras
624 1211 773 1297 superstes
787 1210 849 1275 fuit
864 1209 994 1275 Pericli:
1019 1208 1076 1274 hic
1087 1221 1186 1274 autem

164 1308 245 1374 obiit
259 1309 391 1397 Olymp.
403 1313 572 1376 LXXVII.
585 1332 617 1391 4.
632 1326 669 1375 ut
684 1312 767 1376 reete
781 1311 888 1376 censet
901 1313 938 1374 Ε.
953 1310 1106 1374 Corsinus
1115 1309 1184 1374 rat.

164 1410 238 1476 Att.
256 1411 331 1477 Vol.
353 1412 415 1475 Ill.
438 1433 472 1497 p.
489 1431 562 1496 232.
601 1415 789 1499 Protagoras
810 1410 949 1498 explevit
970 1410 1102 1476 circiter
1123 1409 1183 1497 sap·

165 1512 312 1600 tuaginta
327 1535 440 1592 annos,
460 1527 496 1578 ut
512 1515 555 1577 est
576 1513 663 1599 apud
686 1513 849 1578 Platonem
870 1513 903 1577 in
923 1515 1071 1579 Menone
1090 1533 1123 1599 p.
1139 1529 1181 1578 21.

166 1613 207 1677 C.
224 1611 360 1700 indeque
378 1613 517 1678 sumtum
539 1614 579 1677 ab
601 1613 800 1698 Apollodoro
822 1612 908 1698 apud
929 1612 1116 1699 Diogenem
1127 1612 1181 1677 IA-

164 1727 224 1777 ert.
241 1715 300 1778 IX.
313 1732 367 1800 59.
381 1715 445 1780 hoc
459 1715 537 1779 item
552 1713 737 1799 perhibente
751 1713 830 1778 alios
841 1713 888 1778 illi
902 1714 1080 1798 nonaginta
1092 1729 1180 1778 annot

164 1816 314 1882 tribuisse.
351 1818 470 1902 Itaque
485 1831 640 1902 quantum
662 1829 791 1902 tempus
812 1814 963 1901 superstes
984 1815 1084 1880 fiterit
1106 1812 1178 1880 Peti-

163 1917 218 1996 cli,
244 1917 388 2004 suspicari
412 1919 583 1983 nonlicet.
629 1919 666 1982 ln
694 1919 866 2003 Protagora
887 1916 1009 1982 nemini
1030 1938 1113 1981 nova
1131 1928 1178 1978 aut

163 2019 306 2104 suspedla
326 2020 449 2084 accidet
470 2020 579 2085 ionica
597 2019 768 2101 dialectum
798 2017 950 2105 squidem
970 2017 1043 2105 ejus
1064 2017 1177 2084 cirisct

163 2122 320 2207 magister,
341 2122 419 2184 item
439 2114 603 2201 Abderita,
622 2123 827 2186 Democritus
849 2120 913 2207 ipse
930 2143 1061 2207 quoque
1083 2118 1178 2185 Ionios

163 2220 289 2306 scripsrt.
327 2222 516 2305 Recepimus
531 2222 623 2307 εἴχετο
643 2244 702 2306 pro
723 2227 827 2308 ἐχεῖτο,
847 2237 1030 2309 poteramus
1052 2236 1087 2288 et
1107 2222 1193 2309 &aar

161 2336 194 2386 et
208 2321 276 2407 elllp
291 2324 392 2406 ἐχρῆτο
406 2321 573 2407 conjicere,
594 2335 627 2386 at
648 2323 789 2410 recipere
810 2347 874 2388 non
889 2337 1087 2410 poteramus,
1101 2317 1176 2410 quos

161 2421 281 2484 nullam
296 2420 449 2484 haberent
463 2420 615 2486 librorum
631 2423 867 2487 austoritatcm.
893 2426 982 2511 Ergo
996 2423 1082 2502 ιύδίης
1094 2423 1176 2510 ixit,

150 2520 292 2606 studebat
303 2521 483 2606 serenitati:
505 2535 538 2586 et
553 2523 670 2588 dicitur
688 2525 834 2589 translata
854 2524 987 2589 notione
997 2526 1143 2611 serenitas
1154 2529 1178 2586 cl

160 2621 254 2686 anina
268 2634 295 2685 et
308 2621 430 2686 vultus:
452 2622 499 2687 ita
513 2623 700 2689 Plutarchus
714 2625 800 2711 Opp.
815 2628 902 2689 Mor.
924 2648 957 2712 p.
974 2627 1028 2689 68.
1044 2626 1087 2691 C.
1110 2640 1177 2708 477·

160 2725 214 2788 A:
238 2747 300 2812 qua
315 2724 346 2788 in
364 2723 494 2790 notione
509 2739 542 2790 et
555 2729 702 2812 διαχὸθα(
716 2727 864 2805 usrtatur3
888 2726 975 2791 unde
990 2727 1054 2792 boc
1068 2727 1101 2792 in
1114 2726 1180 2792 loco

160 2826 232 2913 quis
253 2828 335 2892 sorte
354 2829 444 2912 ὶχεῖτο
466 2829 547 2892 tueri
562 2828 655 2893 velit:
678 2829 717 2892 src
739 2829 770 2892 in
790 2827 1014 2894 consolatae
1034 2830 1134 2894 Uxor.
1149 2849 1181 2913 p.

161 2931 235 2991 610.
250 2929 301 2992 A:
324 2930 404 2991 πολὺ
417 2933 476 3017 γὰρ
489 2929 656 3012 apsidum,
675 2929 720 3009 aul
736 2936 869 3014 xalcirat
884 2935 920 2993 τέ
939 2937 1086 3006 humerinos
1097 2928 1183 3015 dm!

160 3034 185 3092 11
199 3029 318 3114 εὖδίᾳτῇ
337 3031 443 3116 γαλήνῃ
457 3040 505 3094 τοῦ
522 3032 650 3113 σώματος
672 3031 846 3116 διαχεομίνυ·
871 3046 905 3097 et
921 3032 997 3097 alibi
1011 3047 1050 3098 ut
1063 3032 1182 3099 notavi·

159 3152 231 3193 mus
245 3130 285 3194 ad
302 3152 333 3216 p.
346 3133 398 3198 82.
412 3135 451 3196 F:
475 3154 638 3218 perperam
652 3133 713 3196 hoc
726 3132 855 3219 quidem
870 3135 955 3214 loco,
970 3137 1025 3221 qui
1040 3137 1105 3202 sine
1118 3137 1183 3202 vio·

158 3227 245 3294 lenta
258 3231 503 3317 interpolatione
516 3231 557 3296 ad
571 3232 654 3295 hanc
670 3232 857 3298 sententiam
872 3237 989 3300 mutari
1004 3237 1130 3325 nequit.

205 3334 275 3397 118.
293 3336 327 3398 F.
350 3335 790 3421 βελάςτ’1ἔᾶρχονταᾶγαθᾶς]
820 3338 1012 3404 Homerlce:
1037 3340 1182 3406 11111113.

159 3453 240 3520 273:
260 3433 304 3497 Ὦ
318 3436 416 3516 πόποι,
438 3434 454 3514 ἦ
474 3439 502 3515 ll
519 3435 597 3523 μυρί’
611 3438 760 3513 Ὀδυσσιὺς
775 3443 854 3503 ἒθλὰ
870 3439 960 3527 ἔοργε,
981 3443 1082 3518 Bessis
1097 3445 1125 3507 τ’
1136 3446 1182 3522 lk-

157 3539 283 3626 ἄρχοντα
303 3543 429 3621 ἀγαθὰς,
442 3538 568 3619 σόλιμὸν
580 3563 612 3601 τε
626 3539 776 3626 κορύσσων.

203 3641 274 3704 118.
290 3641 324 3703 F.
349 3641 521 3725 Ξενοφῶντα]
550 3640 695 3706 Valerius
716 3643 805 3706 Max.
825 3643 867 3706 V.
889 3662 940 3707 10.
964 3644 1039 3710 Ext.
1055 3664 1087 3714 2.
1121 3646 1183 3713 AE·

156 3743 259 3808 lianus
274 3743 350 3806 Var.
362 3741 442 3805 Hist.
457 3743 517 3806 III.
530 3761 563 3828 3.
586 3742 748 3829 Diogenes
762 3745 869 3807 Laert.
883 3746 927 3808 ll.
938 3759 997 3830 55:
1022 3746 1080 3812 ubi
1094 3746 1184 3836 plura

156 3843 340 3930 Menagius.

199 3969 232 4034 p.
248 3965 318 4030 119.
334 3943 377 4007 A.
400 3941 494 4006 Asara
507 3943 535 4005 11
548 3945 594 4004 τὸν
607 3942 863 4031 Συῤῥακοῦσιομ]
890 3945 1038 4013 AElianus
1056 3947 1103 4014 ib.
1118 3948 1182 4015 lll.

155 4067 188 4128 4.
208 4063 245 4112 et
261 4047 337 4124 boc,
358 4056 392 4110 ot
413 4043 473 4107 tria
492 4041 595 4127 priora
614 4043 770 4131 exempla,
791 4044 904 4111 eodem
923 4047 1048 4129 ordine,
1067 4072 1108 4115 ex
1128 4050 1181 4115 iis·
1207 4064 1212 4079 '

155 4146 229 4211 dem
248 4148 391 4213 sontibus
404 4145 518 4234 quibua
532 4143 595 4208 hoc
616 4144 689 4210 loco
712 4146 920 4212 Plutarchus:
943 4148 999 4235 qui
1014 4150 1112 4236 paulo
1124 4151 1182 4219 111·

153 4260 203 4311 ter
221 4264 256 4313 et
277 4250 403 4316 brevius
418 4269 487 4315 rem
506 4257 612 4312 narrat
625 4245 658 4312 in
673 4247 779 4315 Dione
799 4269 833 4337 p.
848 4249 922 4338 982.
938 4249 978 4316 C.
993 4251 1088 4320 aliter
1101 4253 1183 4321 iren
1216 4282 1219 4319 :

380 4574 534 4638 A
