2700 4928
184 344 264 399 tus
376 338 477 400 D.W.
498 340 705 401 ANIMADV.
727 338 775 402 IN
795 340 1034 403 PLUTAROEI

181 502 218 576 ὥς
236 504 305 566 δονέ
318 503 499 586 ςρννπῦνθνν,
516 517 554 566 ut
571 502 682 568 alienae
702 527 819 570 manus
836 505 1103 572 additamentum
1118 517 1151 572 et
1167 504 1208 570 iu·

181 616 468 689 terpretamentum
485 606 629 670 vocabuli
639 606 837 687 κελεύσαντος,
851 608 950 674 obelo
967 606 1115 674 notanda
1127 608 1199 673 suut.

226 727 258 790 p.
276 725 348 791 209.
364 707 406 769 A.
430 704 494 789 να’.]
520 709 567 770 Ex
580 708 656 772 Vita
672 709 808 795 Agesilai
831 732 864 797 p.
881 712 960 776 600.
977 710 1021 790 C,
1037 712 1084 776 D.
1107 709 1208 797 partim

181 806 386 884 adverbum,
409 806 494 871 unde
514 809 575 872 hoc
598 809 671 874 Ioco
689 809 898 876 confirmatur
919 814 956 886 ὥς
981 812 1025 875 sn
1053 810 1210 899 Καρίνῃ(

179 912 353 978 ostenditur
366 912 539 1000 legendum
556 915 907 997 αὑτονᾶμνς-βνισνλίωςε
923 938 1128 1004 quamquam
1140 915 1209 980 banc

177 1014 326 1081 ultimam
341 1036 451 1079 vocem
466 1038 595 1103 quoque
614 1017 705 1081 Harl.
720 1017 865 1082 omittite
889 1018 1038 1083 indidem
1051 1017 1208 1104 corrigen-

174 1115 256 1180 dum
274 1116 453 1198 σπασάμενον
470 1119 520 1199 μὸν
536 1121 646 1183 ἀδικεῖν.
682 1120 735 1184 De
755 1118 885 1185 historia
905 1120 1023 1186 audior
1041 1119 1088 1184 est
1110 1120 1208 1184 Xeno·

176 1216 266 1304 phon
292 1216 452 1282 Hellenic.
476 1219 535 1282 IV.
551 1241 584 1300 4.
598 1234 631 1304 5.
653 1219 739 1306 sequ.
761 1220 849 1286 unde
868 1221 942 1287 alii:
969 1221 1074 1286 veluti
1095 1242 1208 1307 cogno·

177 1341 251 1383 men
267 1318 401 1405 scriptor
416 1320 554 1406 Agefilai
568 1321 597 1386 1.
615 1341 666 1386 10.
682 1323 746 1409 seq.
783 1322 949 1389 Diodorus
968 1323 1038 1388 Sic.
1055 1324 1151 1388 XIV.
1166 1336 1206 1407 79.

176 1422 210 1487 8.
246 1422 348 1488 Corn.
372 1425 484 1510 Nepos
506 1427 549 1489 11.
564 1440 598 1490 et
611 1445 644 1512 3.
673 1427 844 1492 Frontinus
868 1427 1018 1494 1.8.12.
1048 1425 1208 1514 Polyxenus

178 1524 225 1589 II.
245 1546 274 1590 1.
288 1526 321 1604 8,
336 1548 368 1612 9.
742 1596 745 1601 ,

220 1646 293 1715 209.
308 1630 346 1693 Β.
370 1628 435 1714 td]
460 1631 509 1693 Ex
521 1629 599 1695 Vita
612 1629 750 1718 Agesilai
765 1651 798 1716 p.
813 1622 888 1694 Ι600.
904 1631 958 1695 D:
983 1629 1133 1696 universe
1148 1631 1206 1696 Xe·

175 1732 309 1817 nophon
326 1732 484 1797 Hellenic.
503 1735 564 1797 III.
580 1756 612 1815 4.
631 1751 681 1819 15.
710 1732 830 1821 Agefil.
855 1737 882 1799 1.
898 1753 953 1815 24.
987 1737 1208 1822 Agamemno

173 1833 224 1899 nis
245 1834 427 1922 exemplum
450 1835 579 1901 aliunde
600 1837 753 1913 sumtum,
776 1837 818 1901 ab
836 1835 1009 1901 Aristotele
1032 1835 1207 1915 laudatum,

172 1936 310 2002 vidimus
325 1958 357 2023 p.
371 1957 425 2024 32.
442 1940 477 2002 F.
514 1939 704 2027 legendum
718 1936 846 2026 —daipu
866 1938 1066 2020 ἂιολννμὸνννς
1080 1946 1130 2017 τῆς
1142 1966 1206 2027 ff·-

169 2037 259 2116 πῖας,
274 2053 312 2104 ut
327 2038 383 2103 dat
405 2038 497 2104 Harl.
514 2037 599 2126 ἄνδρα
613 2038 660 2108 tw)
675 2037 863 2121 ἂτνλυνμὸνες
876 2041 896 2105 J
901 2086 908 2102 .
920 2050 956 2104 et
968 2040 1091 2105 Venet.
1106 2039 1206 2106 minut

174 2139 273 2204 rode.

215 2260 289 2328 209.
305 2242 345 2306 C.
368 2239 438 2326 νγ’.]
469 2243 516 2305 Ex
542 2242 621 2306 Vita
644 2240 780 2330 Agesilai
803 2262 835 2326 p.
853 2243 930 2306 600.
950 2242 1001 2306 E:
1031 2242 1148 2309 sudor
1165 2243 1204 2309 esi

169 2343 354 2431 Xenophon
378 2342 537 2408 Hellenic.
565 2344 625 2407 111.
640 2364 674 2425 4.
690 2363 740 2429 19.
763 2341 850 2408 unde
863 2341 999 2429 scriptor
1022 2364 1203 2432 cognomen

169 2445 307 2534 AgefiIai
330 2447 356 2509 I.
374 2446 426 2512 28.
466 2444 634 2533 Ponaenus
654 2447 699 2509 II.
719 2466 747 2509 1.
760 2462 793 2530 5.
809 2444 932 2512 didum
953 2445 1055 2511 etiam
1076 2446 1202 2536 subjici·

167 2568 245 2612 ense
272 2550 379 2634 xqixtiso
397 2551 566 2622 Λακωνικῶς
584 2546 651 2626 siaa,
672 2550 747 2634 Πρὸς
766 2545 809 2622 οὓς
830 2548 880 2629 μὶν
901 2548 947 2611 τὸν
969 2551 1072 2634 ἀγῶνα
1091 2548 1200 2636 Imm

166 2649 329 2715 aschaha·
353 2650 417 2736 ὑπὲρ
439 2646 474 2712 ὦν
496 2651 522 2713 st
544 2657 648 2714 ταῦτα.
693 2652 735 2714 Et
755 2650 787 2714 in
804 2650 958 2737 praesente
971 2650 1047 2716 Ioco
1058 2653 1200 2738 Tempo·

166 2778 240 2822 rum
262 2755 380 2843 paritas
392 2752 594 2831 restituendo,
616 2752 665 2818 bis
688 2751 826 2839 legendo
839 2751 889 2817 vel
901 2752 1041 2839 μᾶχεθν,
1062 2766 1100 2818 ut
1116 2756 1151 2819 P.
1166 2768 1198 2818 et

164 2859 243 2925 Vita
264 2855 422 2946 Agesilait
448 2856 495 2921 vel
510 2859 656 2942 μαχνῖθν,
676 2869 714 2919 ut
728 2855 760 2919 in
778 2854 869 2919 Harl.
908 2857 984 2920 Hoc
999 2855 1138 2943 Agesilai
1152 2856 1197 2920 fn·

164 2961 253 3027 &um
270 2958 429 3048 Lysander
452 2980 527 3022 mox
549 2960 672 3045 Sparte
694 2956 795 3022 redux
816 2956 849 3020 in
872 2956 1031 3023 concione
1047 2957 1196 3037 laudarit,

161 3078 201 3129 ut
215 3075 320 3128 narrat
334 3059 593 3150 Agatharchides
607 3058 693 3145 apud
708 3058 905 3124 Athenaeum
921 3059 1003 3123 XII.
1017 3082 1053 3146 p.
1068 3075 1144 3146 550.
1160 3062 1194 3124 Ε.

205 3183 279 3249 209.
297 3164 337 3229 C.
361 3161 420 3245 st]
444 3165 490 3226 Ex
504 3162 581 3229 Vita
594 3159 731 3248 Agefilai
751 3181 785 3247 p.
801 3163 875 3226 601.
893 3161 937 3240 A,
953 3161 993 3226 B.
1009 3162 1069 3227 ubi
1084 3161 1194 3229 metius

160 3282 320 3345 narratur,
344 3263 526 3352 Agefilaum
550 3264 612 3329 hoc
629 3261 812 3342 Tithrausti‚
838 3263 1003 3329 successori
1016 3264 1192 3352 'Iiffaphcr-

163 3370 224 3450 nis,
246 3365 454 3456 respondisses
483 3364 575 3452 cujus
595 3364 730 3452 responsi
757 3378 883 3450 partem
908 3366 1096 3454 Xenophon
1120 3368 1191 3432 item

162 3471 272 3562 prodit
291 3467 451 3535 Hellenic.
470 3467 531 3532 III.
551 3488 583 3549 4.
604 3483 664 3552 25:
689 3465 820 3530 alteram
845 3480 972 3552 partem
994 3467 1037 3533 dc
1057 3467 1191 3534 ditandis

160 3573 272 3642 amicis
285 3571 417 3658 scriptor
431 3567 569 3656 Agesilai
584 3570 643 3633 IV.
660 3570 692 3634 6.

204 3695 278 3764 209.
297 3675 342 3740 D.
365 3669 420 3757 u'.]
446 3671 494 3736 Ex
513 3671 589 3736 Vita
605 3669 743 3758 Agesilai
765 3690 798 3755 p.
811 3670 887 3733 601.
903 3671 941 3733 E.
966 3672 1052 3737 602:
1077 3672 1190 3760 spofist

158 3778 306 3844 camdem
322 3797 389 3841 rem
405 3773 594 3840 Plutarchus
610 3774 662 3839 De
677 3771 764 3837 Aud.
782 3772 871 3838 Poet.
889 3793 923 3859 p.
938 3792 995 3860 31.
1011 3773 1054 3840 C.
1076 3775 1133 3842 ubi
1145 3774 1189 3841 lo·

155 3900 216 3946 cos
231 3878 485 3965 Xenophonteos
499 3874 691 3940 censuimus.

201 4002 275 4069 209.
291 3985 330 4047 Ε.
353 3980 414 4066 νς’.]
443 3978 635 4044 Notavimus
658 3998 691 4064 p.
710 3997 782 4065 191.
799 3977 836 4042 Β.
858 3976 891 4042 in
914 3977 1089 4066 Apophth.
1112 3980 1187 4066 Reg.

155 4098 192 4152 ot
206 4087 294 4150 Duc.
310 4081 447 4171 Agefilai
461 4080 497 4159 η’.

200 4206 274 4274 209.
291 4189 326 4251 1.
350 4183 414 4271 132]
442 4179 634 4248 Notavimus
648 4179 768 4245 ibidem
783 4179 816 4245 δ’.
836 4202 869 4267 p.
888 4201 962 4267 191.
977 4182 1022 4249 A.

201 4308 276 4379 209.
291 4290 328 4354 1¹.
350 4286 411 4374 urst]
440 4286 487 4351 Ex
507 4283 586 4352 Vrts
608 4281 746 4371 Agesilai
768 4296 804 4371 ps
822 4287 897 4369 603.
919 4284 977 4350 Da
1001 4286 1099 4352 habet
1117 4304 1182 4372 pu·

423 4516 585 4584 A
