2700 4928
201 358 404 420 APOPHTH.
420 358 510 418 ΒΕΘ.
526 359 578 417 ET
590 358 685 420 Due.
706 359 988 436 pianr-1828.
1038 366 1113 463 1071

73 521 285 611 Comparavit
307 522 492 611 exemplum
518 544 594 589 curn
623 521 809 589 Charitonis
838 522 912 588 loco
937 522 1114 591 Dorvillius

71 642 105 711 Ρ.
118 627 245 790 1818.
263 729 545 791 nroAEMmor
559 729 644 790 ΤΟΥ
657 727 820 811 ΛΑΙῸῬ.]
848 724 945 812 Regis
958 723 1035 790 clari
1048 722 1110 791 do·
1144 805 1148 811 Ι

71 825 176 893 &rina
189 840 223 892 et
240 828 323 892 bene
342 827 445 907 factis,
468 828 570 893 multa
584 849 713 915 quoque
727 829 809 893 bene
824 827 911 892 dieta
925 826 1014 891 fuille
1028 827 1111 894 veri·

71 928 173 995 limile
195 929 250 1010 est,
272 952 345 1018 quae
370 953 471 1017 pauca
493 931 534 996 ad
556 932 695 1007 nostram
723 929 912 995 memoriam
943 925 1110 996 venerunt.

69 1030 175 1098 Hunc
196 1030 305 1097 locum
328 1031 474 1097 adhibuit
494 1035 526 1099 J.
541 1030 694 1097 Vaillant.
713 1030 747 1096 in
765 1031 903 1096 Historia
919 1030 1111 1098 Ptolemaeo·
1232 1046 1233 1050 ’

68 1154 146 1200 rum
168 1154 201 1220 p.
218 1151 270 1219 23.
306 1135 496 1200 Postremum
515 1134 584 1222 ejus
606 1147 731 1221 partem
744 1134 856 1199 retulit
869 1133 1017 1199 AElianus
1032 1136 1111 1201 Ver.

68 1234 156 1302 Hlst.
177 1237 274 1301 XIII.
297 1256 355 1322 13:
385 1237 563 1321 Πτολεμαῖόν
584 1240 719 1322 pastris
740 1237 842 1323 Λάγον
864 1234 1113 1320 natanaelem

66 1340 134 1416 τούς
147 1338 231 1427 plns
252 1345 336 1405 αὑτοῦ
356 1341 539 1429 ὑπερχαίρειν·
564 1339 645 1425 ima
659 1341 698 1419 li,
715 1338 821 1424 ἄμυνον
840 1338 905 1421 alvos
923 1340 1073 1424 σλοτῖζαν
1094 1340 1111 1422 8

67 1445 207 1508 uaeris.
243 1442 319 1507 Alia
339 1443 424 1508 dicta
443 1443 565 1509 exstant
581 1441 667 1530 apud
683 1441 891 1508 Plutarchum
906 1442 959 1506 De
975 1444 1027 1506 lra
1039 1443 1109 1508 Co.

67 1546 143 1614 hib.
171 1567 205 1634 p.
219 1548 296 1633 458.
312 1549 354 1612 A.
384 1547 552 1612 Demetrio
573 1568 607 1634 p.
625 1546 697 1634 891.
714 1545 759 1611 A.
791 1546 844 1612 De
866 1544 1055 1611 liberalitate
1077 1559 1112 1613 ct

70 1647 230 1714 comitate
243 1647 314 1735 eju's
329 1645 492 1712 Diodorus
507 1648 572 1712 Sic.
588 1648 683 1711 XIX.
699 1648 753 1712 86.

115 1773 151 1839 p.
169 1752 243 1820 182.
257 1753 301 1816 A.
320 1753 589 1838 ANrrlroNor]
615 1750 668 1816 De
682 1750 775 1837 copia
789 1762 824 1815 et
838 1746 1017 1837 frequentia
1030 1769 1111 1836 apo·

68 1853 327 1943 phthegmatum
342 1854 440 1941 hujus
454 1852 569 1941 capitis
590 1854 738 1919 eamdem
753 1868 901 1919 tenemus
921 1854 1113 1921 sententiam

69 1968 172 2043 atque
186 1954 228 2020 de
241 1954 305 2019 illis
321 1953 471 2042 Philippi.
507 1953 666 2041 Antigoni
685 1953 781 2043 hujus
798 1968 893 2020 acute
907 1954 1046 2043 sciteque
1060 1954 1112 2021 di·

70 2057 128 2125 &a
145 2057 232 2146 apud
247 2059 382 2122 Veteres
397 2059 547 2144 usurpata
565 2056 666 2138 firilse,
687 2056 775 2122 haud
790 2071 911 2123 temere
925 2057 996 2145 quia
1011 2058 1113 2148 suspi-

69 2173 168 2228 cetur
180 2180 221 2224 ex
235 2159 360 2225 ratione
373 2181 438 2247 qua
450 2158 623 2224 laudantur
636 2182 656 2223 a
671 2158 842 2226 Plutarcho
855 2160 909 2225 Dc
925 2160 977 2224 Ira
992 2159 1112 2230 cohib.

69 2284 109 2351 p.
126 2277 204 2348 457.
223 2261 267 2326 D.
290 2274 387 2349 quern
409 2261 519 2325 locum
541 2261 636 2347 supra
656 2261 824 2327 citavimus
846 2284 879 2349 p.
898 2278 970 2347 172.
985 2263 1037 2328 Ar
1059 2263 1114 2329 Dc

50 2363 200 2431 -Vitioso
220 2362 300 2429 Pud.
322 2386 357 2450 p.
371 2379 448 2450 531.
471 2367 496 2429 F
508 2388 516 2429 r
540 2363 709 2430 Demetrio
730 2384 805 2452 902.
820 2367 868 2431 B:
895 2378 931 2431 et
950 2388 970 2431 a
991 2367 1115 2432 Seneca

71 2465 129 2533 De
143 2464 197 2530 lra
210 2465 256 2529 11.
271 2482 323 2531 22.

119 2570 194 2637 182.
208 2569 253 2636 A.
276 2567 314 2633 α’.
329 2567 519 2651 susspirans]
541 2568 653 2633 Rarius
675 2569 807 2635 verbum
824 2566 911 2655 apud
932 2569 1113 2656 scriptores,

73 2693 95 2739 c
116 2672 234 2762 quibus
255 2672 343 2736 hunc
367 2694 468 2736 unum
490 2672 599 2735 locum
621 2671 730 2736 attulit
753 2672 799 2736 H.
814 2672 997 2757 Stephanus
1017 2670 1113 2737 Thes.

72 2776 115 2842 L.
129 2775 190 2841 Gt.
204 2775 244 2839 T.
260 2774 306 2838 ll.
328 2797 361 2862 p.
378 2790 428 2861 15.
445 2777 491 2839 F:
515 2796 554 2838 en
569 2772 787 2839 Ecclesrasticis
808 2786 842 2838 et
864 2772 1115 2860 lexicographi!

71 2874 139 2943 alia
160 2896 332 2964 promens:
358 2875 438 2941 item
459 2875 649 2961 interpretes
671 2875 712 2940 ad
734 2875 934 2964 Hesychium
954 2877 1056 2942 r.11.
1078 2898 1113 2964 p.

75 2978 151 3044 118.
189 2977 391 3044 Proverbium
410 2975 487 3043 hinc
507 2977 648 3044 confecit
660 2977 855 3044 Brafficanus
870 2976 912 3043 ad
924 2978 1047 3044 Erasm
1061 2980 1112 3045 A·

72 3079 199 3170 dts·1>·
216 3096 291 3168 225·
696 3090 699 3095 ’

119 3183 194 3249 182.
213 3184 251 3248 Β.
275 3182 323 3269 1.]
350 3184 539 3251 Plutarchus
553 3184 606 3250 Dc
620 3182 774 3250 Garrulit.
798 3205 832 3271 p.
847 3187 923 3270 506.
940 3184 988 3250 C:
1014 3184 1113 3252 'Arri-

70 3310 153 3375 γονος
174 3284 220 3350 οὖν
237 3292 251 3349 8
267 3287 402 3367 βασιλεὺς
423 3291 532 3366 ἐκεῖνος,
555 3287 739 3375 ἐρωτήσαντος
757 3290 840 3351 αὐτὸν
859 3295 907 3351 τοῦ
922 3294 990 3367 οἱοῦ,
1005 3288 1115 3368 nasim

71 3386 216 3473 μὸλλοσνν
227 3388 425 3474 ἇναζεογνῦαν,
439 3388 479 3452 TI
492 3388 623 3466 δέδοικας,
638 3388 706 3468 elsa,
720 3391 759 3471 μὴ
773 3389 852 3471 μόνος
866 3393 914 3454 οὖν
935 3391 1053 3478 ἀκούσῃς
1067 3396 1115 3469 τῆς

71 3490 239 3579 abacistae·
263 3503 298 3555 et
317 3490 351 3555 in
372 3490 450 3555 Vita
470 3490 630 3555 Demetrii
651 3511 685 3576 p.
700 3510 776 3577 902.
790 3489 830 3555 C.
854 3492 909 3556 ubi
930 3492 971 3557 ad
989 3494 1113 3558 Deme-

71 3591 176 3658 trium
190 3591 293 3658 filium
307 3590 371 3659 hoc
384 3591 492 3658 dixisse
505 3606 660 3658 narratur.
683 3591 854 3657 Frontinus
869 3595 895 3657 Ι.
912 3613 941 3656 1.
955 3613 988 3679 3.
1006 3593 1115 3660 crasso

69 3692 210 3763 tribuirr
234 3694 288 3760 M.
302 3694 439 3760 Licinius
454 3695 574 3782 Craffus
590 3695 788 3784 percontanti,
804 3708 869 3782 quo'
881 3704 1005 3782 tempore
1020 3695 1116 3781 costra

72 3808 209 3865 notum
221 3798 298 3886 effet,
313 3797 473 3886 respondit,
492 3797 525 3863 V
518 3797 618 3876 araris,
631 3822 669 3862 ne
682 3797 783 3861 labam
799 3820 856 3861 non
871 3797 1028 3863 exaudias.

119 3899 196 3967 182.
211 3899 250 3964 Β.
274 3898 321 3986 r'.]
348 3899 440 3964 Idem
455 3899 489 3963 in
504 3897 583 3966 Vita
595 3898 755 3964 Demetrii
768 3919 801 3985 p.
816 3898 891 3985 899.
908 3898 953 3963 Cr
968 3901 1015 3962 τὸν
1028 3901 1115 3963 ἀδελ·
1252 3901 1255 3907 '

10 3992 15 4089 '¹
73 4003 123 4089 pit
135 4006 223 4068 111ῐοῦ
235 4001 376 4067 Φίλιππον
389 4001 539 4085 αἰθόμενος
560 4001 635 4065 orori
657 4006 671 4064 ὁ
688 4004 786 4088 πατὴρ
802 4001 980 4065 καταλύοντα
998 4004 1024 4065 ἓν
1041 3999 1116 4089 oialp

10 4104 18 4147 Γ
73 4106 144 4195 τρίς
168 4103 274 4192 &stirp
298 4102 358 4179 νίας
381 4107 529 4190 γοναῑκας,
552 4104 626 4189 πρὸς
653 4107 748 4168 ἐκεῖνον
772 4106 823 4186 μὲν
850 4103 922 4166 οὐδὲν
943 4102 1114 4189 ἐφθέγξατο·

72 4202 217 4293 capiam
234 4206 262 4267 li
282 4202 369 4268 incise
381 4206 429 4268 τὸν
442 4202 615 4286 ςαθμοδῦῐην
630 4203 895 4287 μεταπεμψάμενος,
909 4202 1013 4283 Οὗτος,
1032 4202 1119 4286 tlara

71 4308 125 4375 1811
145 4304 253 4387 Italics
265 4330 308 4389 με
321 4306 488 4376 vitulinis
508 4309 557 4385 τῆς
577 4304 755 4394 ςονοχοορίας.
792 4304 890 4371 Paulo
904 4302 998 4371 aliter
1012 4318 1118 4385 namt
