2700 4928
288 366 348 437 790
473 356 1126 421 111111111111111111111

289 522 351 588 suit
366 521 515 588 eumdem
534 525 654 588 versum
677 526 823 589 Stobaeus
837 523 902 589 Tit.
918 523 1042 588 CXIX.
1061 542 1096 608 p.
1110 521 1199 586 602:
1221 517 1319 611 vertit

284 624 420 690 Grotius
441 646 473 710 p.
488 644 573 711 493:
598 626 735 712 reposuit
750 625 906 704 Clericus,
921 623 1051 689 nomine
1073 618 1246 686 Menandri
1265 620 1315 684 ei·

286 737 389 789 tatum
412 747 545 790 monens
567 748 586 788 a
608 725 778 789 Scholiaste
798 726 916 789 Vetere
939 723 970 788 in
994 720 1103 810 Odys.
1122 722 1166 787 Ο.
1188 723 1262 802 146.
1282 732 1317 784 et

285 825 450 892 Eustathio
464 826 540 890 ibid.
557 827 617 890 Ed.
634 830 726 892 Rom.
748 849 780 913 p.
800 827 892 911 1781,
909 844 948 892 2:
971 827 1051 889 bene
1067 823 1148 888 iliud
1164 822 1312 909 quidem:

285 925 339 991 sed
360 927 448 1013 qnod
469 927 595 1014 insuper
614 928 862 1015 adjicit-nornen
887 926 1064 992 Comoediae
1087 926 1141 1000 Δίς
1161 930 1313 998 mente

288 1027 437 1111 (volebat,
452 1043 538 1094 certe
553 1029 689 1093 debebat
703 1030 833 1093 scribere
847 1028 1021 1109 ἀπατῶντος)
1044 1049 1063 1088 a
1079 1027 1213 1091 Stobaeo
1224 1024 1309 1090 eddi-

284 1142 356 1192 tum
375 1128 447 1207 esse,
462 1129 544 1193 estis
560 1129 704 1209 Grotius,
720 1128 842 1216 quisue
861 1127 893 1190 in
917 1131 941 1191 F
942 1125 1078 1212 lorilegii
1097 1125 1244 1191 editione
1257 1145 1309 1210 np-

281 1230 388 1316 posuit
406 1230 462 1294 Bis
470 1230 625 1318 fallerem
649 1253 723 1294 narn
737 1243 862 1295 caeterae
875 1228 1032 1293 editiones
1046 1227 1133 1291 nude
1147 1225 1309 1291 Menandri

281 1353 399 1396 nomen
421 1333 551 1397 habent.
595 1332 699 1396 Exstat
719 1331 803 1396 idem
819 1330 924 1394 versus
945 1330 977 1392 in
1002 1328 1213 1414 inscriptione
1228 1326 1306 1415 apud

281 1435 457 1499 Gruterum
479 1456 510 1520 p.
526 1435 600 1498 688.
616 1439 656 1498 B:
673 1432 760 1520 quod
774 1445 808 1497 et
830 1432 862 1495 in
885 1431 1022 1496 Stoscbii
1046 1429 1172 1494 Musaeo
1192 1431 1309 1496 Critioo

280 1535 356 1599 Vol.
375 1537 401 1598 Ι.
422 1557 455 1621 p.
471 1555 546 1621 311.
561 1549 594 1599 et
607 1554 683 1619 312.
700 1547 848 1599 notatum
868 1533 981 1617 reperi.
1018 1530 1165 1596 Similem
1187 1533 1306 1596 senten·

281 1634 360 1699 tiam
373 1636 431 1701 sub
444 1636 573 1702 nomine
589 1635 720 1723 Hypsei
734 1633 856 1699 addidit
870 1635 1004 1698 Grotius
1020 1631 1172 1706 1.ο.Νεός
1186 1634 1208 1694 δ’
1221 1631 1304 1695 ἀνίλ-

279 1739 356 1815 λυθ“,
372 1736 447 1800 ὅντιν’
462 1737 496 1800 air
508 1741 583 1819 φιλοῖ
595 1737 667 1811 θοός.
705 1738 788 1801 Haec
809 1736 849 1798 ab
871 1734 1007 1798 Homeri
1030 1733 1120 1797 sonte
1137 1734 1304 1808 fluxerint,

279 1859 376 1923 quem
393 1839 438 1902 ita
452 1838 492 1902 de
506 1839 702 1924 Amphiarao
716 1836 933 1923 pronunciasse
949 1835 1058 1922 Odyff.
1070 1836 1112 1900 Ο.
1127 1838 1205 1917 146.
1220 1835 1303 1921 suprt

148 1978 151 1983 -
278 1939 414 2006 vidimus
429 1961 462 2025 p.
475 1961 545 2004 111.
556 1941 594 2004 B.
618 1938 747 2026 Speitnt
759 1938 872 2003 eodem
885 1938 970 2002 Dion
984 1935 1098 2024 Chrys.
1110 1938 1170 2003 Or.
1182 1936 1300 2001 XXIX.

276 2041 311 2128 p'.
329 2059 402 2128 297.
417 2045 472 2107 Dt
496 2039 665 2106 Οὒκιίνοῦν
681 2048 704 2104 οΙ
723 2043 849 2115 &druse
864 2047 965 2104 ἑαυτῶν
981 2041 1062 2102 ratri
1079 2041 1126 2101 καί
1141 2038 1300 2122 adeptura,

277 2144 373 2222 ἑφίλεν
387 2148 506 2228 ταχεῖαν
520 2142 648 2219 ἐποίησαν
661 2147 709 2220 τὴν
722 2146 860 2219 τελευτὴν,
877 2145 899 2204 εί
912 2145 950 2221 μὴ
964 2143 1074 2226 ἀγαθὸν
1088 2144 1145 2216 τοῖς
1160 2140 1298 2231 &regern

276 2252 355 2314 τοῦτο
370 2243 501 2305 ἐτίθεντο.

320 2362 391 2428 119.
408 2346 446 2407 Ε.
480 2341 777 2426 ἐπντετονγμίνος-ἔν
800 2345 920 2432 μοίραις]
956 2346 1138 2432 Vulgatum
1169 2344 1296 2432 requirit

275 2443 492 2530 negationem,
517 2444 560 2506 est
582 2444 668 2506 enim
692 2446 922 2529 ἐπντετενγμίνος,
945 2448 1015 2512 bono
1030 2449 1163 2536 sitcceffit
1185 2448 1294 2536 positus.

273 2569 303 2608 v.
315 2569 344 2609 c.
363 2567 415 2632 np.
436 2545 595 2609 Galenurn
619 2550 694 2609 κατὰ
710 2546 773 2609 τίτ.
790 2550 883 2613 VIII.
904 2550 958 2612 fin.
974 2548 1052 2613 edit.
1067 2549 1138 2625 Bas,
1155 2551 1195 2614 T.
1211 2551 1254 2614 II.
1267 2569 1293 2633 p·

274 2647 348 2711 288.
364 2668 418 2730 40.
441 2660 475 2711 et
492 2646 578 2711 alibi.
615 2647 748 2734 Origeu.
774 2648 853 2713 Adv.
881 2651 1009 2714 Celsum
1034 2651 1093 2716 IV.
1119 2673 1153 2738 p.
1172 2651 1292 2736 5643

272 2750 345 2814 Nec
360 2748 570 2831 ἔτεοτεοσμίνος
585 2750 755 2815 absurdum
770 2752 830 2816 est:
856 2753 894 2815 src
911 2751 1001 2817 Philo
1014 2751 1090 2818 Jud.
1108 2775 1139 2840 p.
1156 2756 1247 2819 1106.
1262 2752 1292 2818 B·

273 2856 478 2942 Quamquam
493 2853 565 2917 satis
585 2854 840 2942 conjudiurarum
855 2856 886 2919 in
904 2854 1175 2922 Emendationum
1190 2859 1293 2923 narro·

273 2958 393 3021 tatione
415 2957 546 3043 posuisse
567 2960 741 3037 videamur,
767 2982 830 3022 non
857 2973 963 3023 tamen
987 2959 1120 3025 reticere
1143 2961 1295 3047 possumus

271 3059 365 3124 aliam
389 3082 461 3145 quae
485 3061 590 3146 postea
614 3062 703 3126 nobis
726 3062 757 3124 in
784 3074 925 3125 mentem
953 3062 1039 3126 venit
1065 3063 1296 3148 ἐπειγόμενος-ἒν

268 3162 376 3250 μοίραις
399 3165 448 3229 vel
471 3167 532 3232 sine
547 3171 584 3247 ἓν,
601 3166 686 3252 quod
701 3180 735 3228 et
749 3165 851 3229 omifit
867 3166 1077 3230 Jnnnotianus
1098 3165 1191 3233 liber.
1226 3170 1294 3234 Hu-

163 3268 165 3271 ’
263 3264 406 3352 jusmodi
421 3267 519 3331 dietio
531 3291 605 3331 cum
619 3268 706 3331 sensu
721 3265 815 3352 hujus
830 3266 904 3345 Ioci,
918 3283 950 3330 et
964 3267 1115 3353 loquendi
1129 3271 1297 3335 consuetu«

269 3365 345 3430 dine
371 3367 532 3452 congruit.
578 3367 631 3430 Sie
654 3387 683 3429 ν.
699 3387 729 3428 c.
756 3366 895 3431 Pailndas
917 3367 1098 3454 Antholog.
1126 3370 1189 3433 III.
1208 3371 1240 3434 6.
1263 3390 1294 3456 p.

268 3468 348 3552 306:
365 3465 482 3540 Γέσσιος
496 3471 524 3528 οὐ
538 3466 664 3543 τέθνηκεν
678 3467 844 3551 ἐπειγόμενος
855 3472 931 3554 ταρὰ
942 3466 1045 3553 μοίρης·
1069 3470 1158 3544 Αίντίς
1173 3475 1222 3548 τὴν
1234 3473 1296 3558 pes·

270 3594 320 3656 ραν
332 3566 486 3655 τροίλοὸεν
500 3572 535 3642 εἰς
549 3568 634 3644 ἀίδην.
672 3570 743 3632 Nec
760 3568 897 3631 multum
913 3568 1018 3632 differt
1032 3568 1112 3633 illud
1131 3570 1299 3658 Sophocli·

270 3671 302 3736 in
325 3672 450 3735 Teucro
475 3668 560 3754 apud
585 3669 676 3734 Stob.
700 3669 765 3734 Tit.
791 3669 932 3733 CXXII.
955 3692 988 3756 p.
1003 3673 1078 3755 613.
1097 3671 1148 3737 A:
1180 3674 1300 3739 Θτντίντο

269 3773 345 3861 κείνορ
359 3776 495 3836 συνθανεῖν
509 3773 537 3853 μ’
554 3769 617 3857 ἔρως
632 3770 701 3857 ἔχει.
735 3772 781 3835 B:
799 3768 906 3848 Ἧξας·
930 3772 1025 3856 ἔτείγε
1038 3773 1119 3852 μηδὲν
1134 3777 1171 3848 είς
1184 3776 1217 3838 td
1227 3773 1298 3863 sedp-

268 3862 359 3959 οιμον.
396 3875 448 3940 Ad
463 3874 608 3938 eamdem
631 3876 819 3939 sententiam
843 3876 981 3961 pertinet
997 3875 1118 3940 dissum
1134 3876 1253 3964 OEdipi
1266 3877 1298 3942 in

269 3979 395 4043 Colono
404 3976 472 4064 jam
488 3975 633 4038 morituri
649 3996 741 4059 1540.
755 3975 897 4060 -ὲτείγεο
913 3977 969 4063 γάρ
987 4003 1025 4058 με
1036 3978 1092 4039 τίκ
1106 3982 1171 4041 see)
1191 3978 1297 4067 σοιςίο.

266 4080 353 4142 Dion
370 4079 481 4167 Chrys.
498 4079 555 4143 Or.
572 4077 616 4140 ll.
635 4098 666 4161 p.
678 4092 731 4160 35·
748 4079 800 4142 D:
825 4081 870 4140 ἐὰν
885 4079 911 4140 I?
923 4081 954 4141 τὸ
968 4085 1016 4155 τῆς
1029 4077 1189 4164 εἱμαρμένης
1202 4085 1296 4166 hay.

267 4171 343 4257 καῖον
362 4180 452 4267 ἐπείγῃ
473 4181 522 4266 τρὸ
543 4186 589 4242 τοῦ
604 4177 747 4263 γῆροος-.
778 4178 960 4243 Eustathius
975 4179 1015 4244 ad
1032 4181 1070 4244 ll.
1084 4186 1123 4244 Ψ.
1140 4183 1226 4266 623:
1250 4183 1297 4261 idn

265 4285 323 4375 γὶρ
340 4284 471 4365 χαλεπὸν
488 4286 563 4348 κοντοὶ
581 4285 668 4368 γῆρας
689 4278 798 4365 ἐπείγεο.
835 4300 869 4367 p.
888 4299 990 4368 1320:
1013 4282 1136 4366 νῦφίμιος
1158 4281 1207 4366 μοι)
1226 4285 1295 4348 adri

563 4572 714 4632 A
