<?xml version="1.0" encoding="UTF-8"?>
<!DOCTYPE html PUBLIC "-//W3C//DTD XHTML 1.0 Transitional//EN"
    "http://www.w3.org/TR/xhtml1/DTD/xhtml1-transitional.dtd">
<html xmlns="http://www.w3.org/1999/xhtml" xml:lang="en" lang="en">
 <head>
  <title>
</title>
<meta http-equiv="Content-Type" content="text/html;charset=utf-8" />
  <meta name='ocr-system' content='tesseract 3.04.00' />
  <meta name='ocr-capabilities' content='ocr_page ocr_carea ocr_par ocr_line ocrx_word'/>
</head>
<body>
  <div class='ocr_page' id='page_1' title='image "./plutarchichaero28plutgoog_0366.png"; bbox 0 0 2700 4928; ppageno 0'>
   <div class='ocr_carea' id='block_1_1' title="bbox 159 288 998 368">
    <p class='ocr_par' dir='ltr' id='par_1_1' title="bbox 159 288 998 368">
     <span class='ocr_line' id='line_1_1' title="bbox 159 288 998 368; baseline -0.004 -14"><span class='ocrx_word' id='word_1_1' title='bbox 159 298 220 368; x_wconf 74' lang='grc'>918</span> <span class='ocrx_word' id='word_1_2' title='bbox 351 290 392 352; x_wconf 89' lang='lat' dir='ltr'>D.</span> <span class='ocrx_word' id='word_1_3' title='bbox 399 292 450 354; x_wconf 87' lang='lat' dir='ltr'>W.</span> <span class='ocrx_word' id='word_1_4' title='bbox 470 289 680 353; x_wconf 74' lang='lat' dir='ltr'>amitant.</span> <span class='ocrx_word' id='word_1_5' title='bbox 698 290 747 351; x_wconf 87' lang='lat' dir='ltr'>IN</span> <span class='ocrx_word' id='word_1_6' title='bbox 766 288 998 352; x_wconf 78' lang='lat' dir='ltr'>rturaactn</span> 
     </span>
    </p>
   </div>
   <div class='ocr_carea' id='block_1_2' title="bbox 152 449 1215 4200">
    <p class='ocr_par' dir='ltr' id='par_1_2' title="bbox 156 449 1179 1151">
     <span class='ocr_line' id='line_1_2' title="bbox 159 449 1179 540; baseline -0.006 -19"><span class='ocrx_word' id='word_1_7' title='bbox 159 464 213 534; x_wconf 76' lang='grc' dir='ltr'>λι,</span> <span class='ocrx_word' id='word_1_8' title='bbox 228 453 310 533; x_wconf 70' lang='lat' dir='ltr'>alati,</span> <span class='ocrx_word' id='word_1_9' title='bbox 323 457 346 517; x_wconf 76' lang='grc' dir='ltr'>εἰ</span> <span class='ocrx_word' id='word_1_10' title='bbox 359 453 455 536; x_wconf 64' lang='grc' dir='ltr'>ὁμοίως</span> <span class='ocrx_word' id='word_1_11' title='bbox 467 457 651 540; x_wconf 71' lang='grc' dir='ltr'>ἄγανακτοῑιο</span> <span class='ocrx_word' id='word_1_12' title='bbox 667 457 691 517; x_wconf 83' lang='lat' dir='ltr'>ol</span> <span class='ocrx_word' id='word_1_13' title='bbox 706 456 745 537; x_wconf 75' lang='lat' dir='ltr'>pi</span> <span class='ocrx_word' id='word_1_14' title='bbox 758 451 915 536; x_wconf 71' lang='lat' dir='ltr'>atradpm·</span> <span class='ocrx_word' id='word_1_15' title='bbox 927 455 985 528; x_wconf 73' lang='grc' dir='ltr'>τοῖς</span> <span class='ocrx_word' id='word_1_16' title='bbox 997 449 1179 534; x_wconf 58' lang='lat' dir='ltr'>&amp;ampliata</span> 
     </span>
     <span class='ocr_line' id='line_1_3' title="bbox 158 553 1177 643; baseline -0.004 -22"><span class='ocrx_word' id='word_1_17' title='bbox 158 555 213 621; x_wconf 84' lang='lat' dir='ltr'>Ab</span> <span class='ocrx_word' id='word_1_18' title='bbox 239 554 302 619; x_wconf 85' lang='lat' dir='ltr'>hoc</span> <span class='ocrx_word' id='word_1_19' title='bbox 329 554 475 642; x_wconf 87' lang='lat' dir='ltr'>exemplo</span> <span class='ocrx_word' id='word_1_20' title='bbox 504 555 666 642; x_wconf 70' lang='lat' dir='ltr'>profectus</span> <span class='ocrx_word' id='word_1_21' title='bbox 693 565 892 643; x_wconf 78' lang='lat' dir='ltr'>praeceptum</span> <span class='ocrx_word' id='word_1_22' title='bbox 911 553 1044 642; x_wconf 78' lang='lat' dir='ltr'>egregie</span> <span class='ocrx_word' id='word_1_23' title='bbox 1065 553 1177 619; x_wconf 76' lang='lat' dir='ltr'>ornant</span> 
     </span>
     <span class='ocr_line' id='line_1_4' title="bbox 158 653 1176 743; baseline -0.003 -21"><span class='ocrx_word' id='word_1_24' title='bbox 158 657 338 727; x_wconf 85' lang='lat' dir='ltr'><strong>Menander</strong></span> <span class='ocrx_word' id='word_1_25' title='bbox 351 658 506 723; x_wconf 83' lang='lat' dir='ltr'>serratum</span> <span class='ocrx_word' id='word_1_26' title='bbox 523 681 543 722; x_wconf 93' lang='lat' dir='ltr'>a</span> <span class='ocrx_word' id='word_1_27' title='bbox 557 659 686 723; x_wconf 84' lang='lat' dir='ltr'>Stobaeo</span> <span class='ocrx_word' id='word_1_28' title='bbox 707 657 784 723; x_wconf 86' lang='lat' dir='ltr'><strong>ibid.</strong></span> <span class='ocrx_word' id='word_1_29' title='bbox 809 678 841 743; x_wconf 89' lang='lat' dir='ltr'>p.</span> <span class='ocrx_word' id='word_1_30' title='bbox 854 675 933 738; x_wconf 73' lang='lat' dir='ltr'>aar.</span> <span class='ocrx_word' id='word_1_31' title='bbox 953 655 1069 721; x_wconf 83' lang='lat' dir='ltr'>latine</span> <span class='ocrx_word' id='word_1_32' title='bbox 1081 653 1176 720; x_wconf 80' lang='lat' dir='ltr'>reddi</span> 
     </span>
     <span class='ocr_line' id='line_1_5' title="bbox 157 755 1174 845; baseline -0.005 -20"><span class='ocrx_word' id='word_1_33' title='bbox 157 771 229 825; x_wconf 86' lang='lat' dir='ltr'>tum</span> <span class='ocrx_word' id='word_1_34' title='bbox 250 781 270 823; x_wconf 89' lang='lat' dir='ltr'>a</span> <span class='ocrx_word' id='word_1_35' title='bbox 291 758 406 825; x_wconf 88' lang='lat' dir='ltr'>Grotio</span> <span class='ocrx_word' id='word_1_36' title='bbox 428 759 536 823; x_wconf 87' lang='lat' dir='ltr'>Floril.</span> <span class='ocrx_word' id='word_1_37' title='bbox 557 781 590 845; x_wconf 91' lang='lat' dir='ltr'>p.</span> <span class='ocrx_word' id='word_1_38' title='bbox 607 777 685 842; x_wconf 83' lang='lat'>170:</span> <span class='ocrx_word' id='word_1_39' title='bbox 710 781 731 823; x_wconf 90' lang='lat' dir='ltr'>a</span> <span class='ocrx_word' id='word_1_40' title='bbox 745 757 872 824; x_wconf 85' lang='lat' dir='ltr'>Clerico</span> <span class='ocrx_word' id='word_1_41' title='bbox 885 757 1024 823; x_wconf 89' lang='lat' dir='ltr'>relatum</span> <span class='ocrx_word' id='word_1_42' title='bbox 1047 755 1079 821; x_wconf 92' lang='lat' dir='ltr'>in</span> <span class='ocrx_word' id='word_1_43' title='bbox 1099 756 1174 840; x_wconf 78' lang='lat' dir='ltr'>trag·</span> 
     </span>
     <span class='ocr_line' id='line_1_6' title="bbox 156 856 1173 945; baseline -0.002 -22"><span class='ocrx_word' id='word_1_44' title='bbox 156 859 275 924; x_wconf 82' lang='lat' dir='ltr'>mentis</span> <span class='ocrx_word' id='word_1_45' title='bbox 288 881 327 925; x_wconf 87' lang='lat' dir='ltr'>ex</span> <span class='ocrx_word' id='word_1_46' title='bbox 342 858 501 945; x_wconf 85' lang='lat' dir='ltr'>Adelphis</span> <span class='ocrx_word' id='word_1_47' title='bbox 516 882 550 945; x_wconf 89' lang='lat' dir='ltr'>p.</span> <span class='ocrx_word' id='word_1_48' title='bbox 563 879 596 945; x_wconf 81' lang='lat'>3.</span> <span class='ocrx_word' id='word_1_49' title='bbox 613 859 702 925; x_wconf 90' lang='lat' dir='ltr'>nullo</span> <span class='ocrx_word' id='word_1_50' title='bbox 715 857 911 924; x_wconf 66' lang='lat' dir='ltr'>auetoritatis</span> <span class='ocrx_word' id='word_1_51' title='bbox 925 856 1057 923; x_wconf 91' lang='lat' dir='ltr'>indicio.</span> <span class='ocrx_word' id='word_1_52' title='bbox 1093 858 1173 921; x_wconf 82' lang='lat' dir='ltr'>Hanc</span> 
     </span>
     <span class='ocr_line' id='line_1_7' title="bbox 157 959 1172 1050; baseline -0.008 -23"><span class='ocrx_word' id='word_1_53' title='bbox 157 962 241 1048; x_wconf 77' lang='lat' dir='ltr'>quai</span> <span class='ocrx_word' id='word_1_54' title='bbox 263 960 369 1050; x_wconf 85' lang='lat' dir='ltr'>legem</span> <span class='ocrx_word' id='word_1_55' title='bbox 387 961 486 1028; x_wconf 91' lang='lat' dir='ltr'>Solon</span> <span class='ocrx_word' id='word_1_56' title='bbox 509 961 541 1026; x_wconf 90' lang='lat' dir='ltr'>in</span> <span class='ocrx_word' id='word_1_57' title='bbox 564 962 675 1049; x_wconf 79' lang='lat' dir='ltr'>legum</span> <span class='ocrx_word' id='word_1_58' title='bbox 692 960 811 1026; x_wconf 87' lang='lat' dir='ltr'>latione</span> <span class='ocrx_word' id='word_1_59' title='bbox 830 961 959 1027; x_wconf 74' lang='lat' dir='ltr'>secutus</span> <span class='ocrx_word' id='word_1_60' title='bbox 978 960 1022 1025; x_wconf 91' lang='lat' dir='ltr'>est</span> <span class='ocrx_word' id='word_1_61' title='bbox 1041 959 1123 1045; x_wconf 82' lang='lat' dir='ltr'>ipse:</span> <span class='ocrx_word' id='word_1_62' title='bbox 1142 972 1172 1020; x_wconf 86' lang='lat' dir='ltr'>ut</span> 
     </span>
     <span class='ocr_line' id='line_1_8' title="bbox 156 1062 881 1151; baseline -0.003 -23"><span class='ocrx_word' id='word_1_63' title='bbox 156 1076 289 1151; x_wconf 88' lang='lat' dir='ltr'>apparet</span> <span class='ocrx_word' id='word_1_64' title='bbox 303 1087 342 1128; x_wconf 82' lang='lat' dir='ltr'>ex</span> <span class='ocrx_word' id='word_1_65' title='bbox 357 1063 527 1129; x_wconf 81' lang='lat' dir='ltr'>Plutarcho</span> <span class='ocrx_word' id='word_1_66' title='bbox 541 1063 574 1129; x_wconf 88' lang='lat' dir='ltr'>in</span> <span class='ocrx_word' id='word_1_67' title='bbox 590 1063 709 1129; x_wconf 91' lang='lat' dir='ltr'>Solone</span> <span class='ocrx_word' id='word_1_68' title='bbox 723 1085 755 1149; x_wconf 89' lang='lat' dir='ltr'>p.</span> <span class='ocrx_word' id='word_1_69' title='bbox 772 1063 824 1126; x_wconf 87' lang='lat'>88.</span> <span class='ocrx_word' id='word_1_70' title='bbox 840 1062 881 1127; x_wconf 89' lang='lat' dir='ltr'>C.</span> 
     </span>
    </p>

    <p class='ocr_par' dir='ltr' id='par_1_3' title="bbox 156 1160 1168 1351">
     <span class='ocr_line' id='line_1_9' title="bbox 202 1160 1168 1250; baseline -0.003 -22"><span class='ocrx_word' id='word_1_71' title='bbox 202 1180 274 1248; x_wconf 85' lang='grc'><strong>154.</strong></span> <span class='ocrx_word' id='word_1_72' title='bbox 289 1165 327 1229; x_wconf 83' lang='grc' dir='ltr'><strong>Ε.</strong></span> <span class='ocrx_word' id='word_1_73' title='bbox 351 1161 481 1248; x_wconf 58' lang='lat' dir='ltr'>aparine</span> <span class='ocrx_word' id='word_1_74' title='bbox 498 1162 563 1241; x_wconf 72' lang='lat' dir='ltr'>alm</span> <span class='ocrx_word' id='word_1_75' title='bbox 580 1161 909 1250; x_wconf 66' lang='lat' dir='ltr'>lnpaaparlav-udpav.]</span> <span class='ocrx_word' id='word_1_76' title='bbox 935 1160 989 1227; x_wconf 86' lang='lat' dir='ltr'>Est</span> <span class='ocrx_word' id='word_1_77' title='bbox 1001 1160 1034 1227; x_wconf 85' lang='lat' dir='ltr'>in</span> <span class='ocrx_word' id='word_1_78' title='bbox 1051 1162 1168 1226; x_wconf 75' lang='lat' dir='ltr'>Senten-</span> 
     </span>
     <span class='ocr_line' id='line_1_10' title="bbox 156 1261 1045 1351; baseline -0.004 -20"><span class='ocrx_word' id='word_1_79' title='bbox 156 1264 211 1331; x_wconf 85' lang='lat' dir='ltr'>tiis</span> <span class='ocrx_word' id='word_1_80' title='bbox 224 1264 360 1331; x_wconf 81' lang='lat' dir='ltr'>Antonii</span> <span class='ocrx_word' id='word_1_81' title='bbox 374 1276 407 1329; x_wconf 89' lang='lat' dir='ltr'>et</span> <span class='ocrx_word' id='word_1_82' title='bbox 422 1264 557 1330; x_wconf 82' lang='lat' dir='ltr'>Maximi</span> <span class='ocrx_word' id='word_1_83' title='bbox 570 1286 604 1351; x_wconf 88' lang='lat' dir='ltr'>p.</span> <span class='ocrx_word' id='word_1_84' title='bbox 615 1282 693 1351; x_wconf 79' lang='lat'><strong>452.</strong></span> <span class='ocrx_word' id='word_1_85' title='bbox 708 1263 765 1329; x_wconf 86' lang='lat' dir='ltr'>sub</span> <span class='ocrx_word' id='word_1_86' title='bbox 778 1263 908 1328; x_wconf 88' lang='lat' dir='ltr'>nomine</span> <span class='ocrx_word' id='word_1_87' title='bbox 923 1261 1045 1328; x_wconf 77' lang='lat' dir='ltr'>Incerti.</span> 
     </span>
    </p>

    <p class='ocr_par' dir='ltr' id='par_1_4' title="bbox 157 1364 1168 1764">
     <span class='ocr_line' id='line_1_11' title="bbox 202 1364 1168 1453; baseline -0.002 -22"><span class='ocrx_word' id='word_1_88' title='bbox 202 1381 275 1452; x_wconf 83' lang='grc'><strong>154.</strong></span> <span class='ocrx_word' id='word_1_89' title='bbox 291 1369 329 1433; x_wconf 87' lang='grc' dir='ltr'>Ε.</span> <span class='ocrx_word' id='word_1_90' title='bbox 352 1367 566 1452; x_wconf 71' lang='grc' dir='ltr'>ὄἈνᾶχοφσις]</span> <span class='ocrx_word' id='word_1_91' title='bbox 592 1368 739 1431; x_wconf 75' lang='lat' dir='ltr'>StobaeUfl</span> <span class='ocrx_word' id='word_1_92' title='bbox 760 1365 784 1430; x_wconf 91' lang='lat' dir='ltr'>l.</span> <span class='ocrx_word' id='word_1_93' title='bbox 800 1382 829 1431; x_wconf 77' lang='lat' dir='ltr'>c·</span> <span class='ocrx_word' id='word_1_94' title='bbox 852 1387 886 1453; x_wconf 88' lang='lat' dir='ltr'>p.</span> <span class='ocrx_word' id='word_1_95' title='bbox 903 1367 979 1433; x_wconf 86' lang='lat'><strong>268.</strong></span> <span class='ocrx_word' id='word_1_96' title='bbox 995 1370 1009 1429; x_wconf 79' lang='lat' dir='ltr'>i</span> <span class='ocrx_word' id='word_1_97' title='bbox 1025 1364 1168 1451; x_wconf 59' lang='grc' dir='ltr'>Περίανδρος</span> 
     </span>
     <span class='ocr_line' id='line_1_12' title="bbox 157 1466 1168 1555; baseline -0.007 -18"><span class='ocrx_word' id='word_1_98' title='bbox 157 1468 356 1537; x_wconf 75' lang='lat' dir='ltr'>aberratione</span> <span class='ocrx_word' id='word_1_99' title='bbox 378 1490 398 1533; x_wconf 89' lang='lat' dir='ltr'>a</span> <span class='ocrx_word' id='word_1_100' title='bbox 421 1466 582 1536; x_wconf 81' lang='lat' dir='ltr'>Plutarchi</span> <span class='ocrx_word' id='word_1_101' title='bbox 606 1467 780 1555; x_wconf 83' lang='lat' dir='ltr'>scriptura3</span> <span class='ocrx_word' id='word_1_102' title='bbox 810 1468 963 1555; x_wconf 85' lang='lat' dir='ltr'>liquidem</span> <span class='ocrx_word' id='word_1_103' title='bbox 989 1467 1023 1533; x_wconf 91' lang='lat' dir='ltr'>in</span> <span class='ocrx_word' id='word_1_104' title='bbox 1045 1471 1118 1536; x_wconf 92' lang='lat' dir='ltr'>Vll.</span> <span class='ocrx_word' id='word_1_105' title='bbox 1136 1467 1168 1530; x_wconf 84' lang='lat' dir='ltr'>est</span> 
     </span>
     <span class='ocr_line' id='line_1_13' title="bbox 159 1568 1168 1658; baseline -0.005 -21"><span class='ocrx_word' id='word_1_106' title='bbox 159 1571 359 1650; x_wconf 85' lang='lat' dir='ltr'>Anacharfis,</span> <span class='ocrx_word' id='word_1_107' title='bbox 373 1593 437 1636; x_wconf 94' lang='lat' dir='ltr'>non</span> <span class='ocrx_word' id='word_1_108' title='bbox 453 1568 629 1651; x_wconf 85' lang='lat' dir='ltr'>Periander,</span> <span class='ocrx_word' id='word_1_109' title='bbox 651 1592 711 1635; x_wconf 89' lang='lat' dir='ltr'>nec</span> <span class='ocrx_word' id='word_1_110' title='bbox 732 1569 828 1658; x_wconf 87' lang='lat' dir='ltr'>hujus</span> <span class='ocrx_word' id='word_1_111' title='bbox 847 1571 921 1636; x_wconf 88' lang='lat' dir='ltr'>sunt</span> <span class='ocrx_word' id='word_1_112' title='bbox 936 1584 1046 1657; x_wconf 86' lang='lat' dir='ltr'>partee</span> <span class='ocrx_word' id='word_1_113' title='bbox 1063 1569 1114 1636; x_wconf 89' lang='lat' dir='ltr'>nifi</span> <span class='ocrx_word' id='word_1_114' title='bbox 1131 1574 1168 1632; x_wconf 79' lang='lat' dir='ltr'>ui</span> 
     </span>
     <span class='ocr_line' id='line_1_14' title="bbox 159 1674 560 1764; baseline -0.007 -24"><span class='ocrx_word' id='word_1_115' title='bbox 159 1675 309 1764; x_wconf 69' lang='lat' dir='ltr'>irtaplvrrr,</span> <span class='ocrx_word' id='word_1_116' title='bbox 324 1686 363 1740; x_wconf 87' lang='lat' dir='ltr'>ut</span> <span class='ocrx_word' id='word_1_117' title='bbox 383 1696 416 1761; x_wconf 90' lang='lat' dir='ltr'>p.</span> <span class='ocrx_word' id='word_1_118' title='bbox 435 1693 506 1759; x_wconf 83' lang='lat'><strong>152.</strong></span> <span class='ocrx_word' id='word_1_119' title='bbox 523 1674 560 1737; x_wconf 89' lang='grc' dir='ltr'>Β.</span> 
     </span>
    </p>

    <p class='ocr_par' dir='ltr' id='par_1_5' title="bbox 159 1773 1170 2168">
     <span class='ocr_line' id='line_1_15' title="bbox 204 1773 1168 1863; baseline -0.003 -20"><span class='ocrx_word' id='word_1_120' title='bbox 204 1798 276 1863; x_wconf 89' lang='grc'><strong>154.</strong></span> <span class='ocrx_word' id='word_1_121' title='bbox 292 1779 330 1843; x_wconf 85' lang='grc' dir='ltr'><strong>Ε.</strong></span> <span class='ocrx_word' id='word_1_122' title='bbox 359 1776 447 1861; x_wconf 65' lang='grc' dir='ltr'><strong>ψόγον</strong></span> <span class='ocrx_word' id='word_1_123' title='bbox 467 1773 634 1857; x_wconf 74' lang='grc' dir='ltr'><strong>μᾶλλον-ἢ</strong></span> <span class='ocrx_word' id='word_1_124' title='bbox 656 1776 703 1840; x_wconf 74' lang='grc' dir='ltr'>τὸν</span> <span class='ocrx_word' id='word_1_125' title='bbox 722 1773 826 1861; x_wconf 67' lang='lat' dir='ltr'>ripun]</span> <span class='ocrx_word' id='word_1_126' title='bbox 858 1773 1035 1861; x_wconf 74' lang='lat' dir='ltr'>Fleganter</span> <span class='ocrx_word' id='word_1_127' title='bbox 1056 1794 1168 1861; x_wconf 79' lang='lat' dir='ltr'>compa·</span> 
     </span>
     <span class='ocr_line' id='line_1_16' title="bbox 159 1875 1170 1963; baseline -0.006 -20"><span class='ocrx_word' id='word_1_128' title='bbox 159 1893 281 1944; x_wconf 86' lang='lat' dir='ltr'>rantur.</span> <span class='ocrx_word' id='word_1_129' title='bbox 318 1877 371 1942; x_wconf 88' lang='lat' dir='ltr'>Sic</span> <span class='ocrx_word' id='word_1_130' title='bbox 392 1878 426 1942; x_wconf 93' lang='lat' dir='ltr'>in</span> <span class='ocrx_word' id='word_1_131' title='bbox 447 1877 523 1942; x_wconf 88' lang='lat' dir='ltr'>Vita</span> <span class='ocrx_word' id='word_1_132' title='bbox 535 1875 709 1942; x_wconf 84' lang='lat' dir='ltr'>Alexandri</span> <span class='ocrx_word' id='word_1_133' title='bbox 724 1898 757 1961; x_wconf 95' lang='lat' dir='ltr'>p.</span> <span class='ocrx_word' id='word_1_134' title='bbox 769 1877 845 1961; x_wconf 79' lang='lat'><strong>⁶94·</strong></span> <span class='ocrx_word' id='word_1_135' title='bbox 862 1878 897 1940; x_wconf 86' lang='lat' dir='ltr'>F.</span> <span class='ocrx_word' id='word_1_136' title='bbox 913 1875 1004 1942; x_wconf 89' lang='lat' dir='ltr'>hunc</span> <span class='ocrx_word' id='word_1_137' title='bbox 1017 1875 1170 1963; x_wconf 79' lang='lat' dir='ltr'>alloquitur</span> 
     </span>
     <span class='ocr_line' id='line_1_17' title="bbox 160 1972 1170 2064; baseline -0.005 -21"><span class='ocrx_word' id='word_1_138' title='bbox 160 1977 368 2045; x_wconf 68' lang='lat' dir='ltr'>Anaxarchus</span> <span class='ocrx_word' id='word_1_139' title='bbox 383 2003 391 2042; x_wconf 76' lang='grc' dir='ltr'><strong>ε</strong></span> <span class='ocrx_word' id='word_1_140' title='bbox 425 1977 515 2053; x_wconf 76' lang='grc' dir='ltr'><strong><em>Οὗτός</em></strong></span> <span class='ocrx_word' id='word_1_141' title='bbox 538 1983 593 2056; x_wconf 63' lang='lat' dir='ltr'>len</span> <span class='ocrx_word' id='word_1_142' title='bbox 611 1972 933 2063; x_wconf 66' lang='grc' dir='ltr'>Ἀλέξανδρος-ὅστις</span> <span class='ocrx_word' id='word_1_143' title='bbox 953 1977 1116 2064; x_wconf 67' lang='grc' dir='ltr'>ἀνδράποδον</span> <span class='ocrx_word' id='word_1_144' title='bbox 1132 1980 1170 2038; x_wconf 81' lang='lat' dir='ltr'>ln·</span> 
     </span>
     <span class='ocr_line' id='line_1_18' title="bbox 159 2077 1157 2168; baseline -0.001 -23"><span class='ocrx_word' id='word_1_145' title='bbox 159 2081 274 2168; x_wconf 69' lang='grc' dir='ltr'>θρῶπων</span> <span class='ocrx_word' id='word_1_146' title='bbox 287 2079 364 2162; x_wconf 67' lang='grc' dir='ltr'><strong>νόμον</strong></span> <span class='ocrx_word' id='word_1_147' title='bbox 377 2080 399 2167; x_wconf 60' lang='grc' dir='ltr'>οξ</span> <span class='ocrx_word' id='word_1_148' title='bbox 413 2080 501 2164; x_wconf 74' lang='grc' dir='ltr'><strong>ψόγον</strong></span> <span class='ocrx_word' id='word_1_149' title='bbox 516 2078 647 2154; x_wconf 70' lang='grc' dir='ltr'><strong>δεδοικώς.</strong></span> <span class='ocrx_word' id='word_1_150' title='bbox 685 2077 808 2143; x_wconf 83' lang='lat' dir='ltr'>Similia</span> <span class='ocrx_word' id='word_1_151' title='bbox 821 2078 1002 2144; x_wconf 74' lang='lat' dir='ltr'>notavimus</span> <span class='ocrx_word' id='word_1_152' title='bbox 1017 2102 1051 2168; x_wconf 92' lang='lat' dir='ltr'>p.</span> <span class='ocrx_word' id='word_1_153' title='bbox 1062 2080 1157 2166; x_wconf 74' lang='lat' dir='ltr'><strong>29.E.</strong></span> 
     </span>
    </p>

    <p class='ocr_par' dir='ltr' id='par_1_6' title="bbox 158 2178 1175 2468">
     <span class='ocr_line' id='line_1_19' title="bbox 204 2178 1174 2267; baseline -0.003 -21"><span class='ocrx_word' id='word_1_154' title='bbox 204 2201 276 2265; x_wconf 86' lang='lat'><strong>154.</strong></span> <span class='ocrx_word' id='word_1_155' title='bbox 291 2183 329 2244; x_wconf 86' lang='lat' dir='ltr'>E.</span> <span class='ocrx_word' id='word_1_156' title='bbox 351 2178 547 2267; x_wconf 63' lang='lat' dir='ltr'>puerperis]</span> <span class='ocrx_word' id='word_1_157' title='bbox 576 2179 745 2245; x_wconf 87' lang='lat' dir='ltr'>Manifesto</span> <span class='ocrx_word' id='word_1_158' title='bbox 759 2201 863 2244; x_wconf 87' lang='lat' dir='ltr'>errore</span> <span class='ocrx_word' id='word_1_159' title='bbox 879 2192 1018 2245; x_wconf 89' lang='lat' dir='ltr'>tenetur.</span> <span class='ocrx_word' id='word_1_160' title='bbox 1042 2182 1174 2247; x_wconf 79' lang='lat' dir='ltr'>Stobena</span> 
     </span>
     <span class='ocr_line' id='line_1_20' title="bbox 158 2279 1175 2367; baseline -0.001 -21"><span class='ocrx_word' id='word_1_161' title='bbox 158 2281 222 2346; x_wconf 91' lang='lat' dir='ltr'>hoc</span> <span class='ocrx_word' id='word_1_162' title='bbox 244 2281 354 2346; x_wconf 84' lang='lat' dir='ltr'>omiffo</span> <span class='ocrx_word' id='word_1_163' title='bbox 374 2281 431 2344; x_wconf 86' lang='lat' dir='ltr'>dat</span> <span class='ocrx_word' id='word_1_164' title='bbox 454 2287 468 2344; x_wconf 78' lang='grc' dir='ltr'><strong>ό</strong></span> <span class='ocrx_word' id='word_1_165' title='bbox 489 2282 516 2344; x_wconf 74' lang='grc' dir='ltr'>δὲ</span> <span class='ocrx_word' id='word_1_166' title='bbox 536 2280 644 2345; x_wconf 77' lang='grc' dir='ltr'><strong>Χίλων.</strong></span> <span class='ocrx_word' id='word_1_167' title='bbox 683 2279 820 2346; x_wconf 80' lang='lat' dir='ltr'>Fortalle</span> <span class='ocrx_word' id='word_1_168' title='bbox 840 2302 994 2367; x_wconf 84' lang='lat' dir='ltr'>germana</span> <span class='ocrx_word' id='word_1_169' title='bbox 1014 2282 1109 2348; x_wconf 66' lang='lat' dir='ltr'>teatio</span> <span class='ocrx_word' id='word_1_170' title='bbox 1126 2280 1175 2346; x_wconf 88' lang='lat' dir='ltr'>fuit</span> 
     </span>
     <span class='ocr_line' id='line_1_21' title="bbox 158 2381 479 2468; baseline -0.006 -21"><span class='ocrx_word' id='word_1_171' title='bbox 158 2386 232 2468; x_wconf 73' lang='grc' dir='ltr'>μετὰ</span> <span class='ocrx_word' id='word_1_172' title='bbox 245 2381 354 2456; x_wconf 70' lang='grc' dir='ltr'><strong>τούτους</strong></span> <span class='ocrx_word' id='word_1_173' title='bbox 368 2383 395 2444; x_wconf 73' lang='grc' dir='ltr'>δὲ</span> <span class='ocrx_word' id='word_1_174' title='bbox 410 2387 423 2443; x_wconf 83' lang='grc' dir='ltr'>ὀ</span> <span class='ocrx_word' id='word_1_175' title='bbox 438 2387 479 2445; x_wconf 88' lang='grc' dir='ltr'>Χ.</span> 
     </span>
    </p>

    <p class='ocr_par' dir='ltr' id='par_1_7' title="bbox 158 2477 1215 2977">
     <span class='ocr_line' id='line_1_22' title="bbox 203 2477 1177 2571; baseline 0.002 -25"><span class='ocrx_word' id='word_1_176' title='bbox 203 2498 275 2567; x_wconf 88' lang='grc'><strong>154.</strong></span> <span class='ocrx_word' id='word_1_177' title='bbox 291 2485 325 2546; x_wconf 85' lang='lat' dir='ltr'>F.</span> <span class='ocrx_word' id='word_1_178' title='bbox 347 2482 493 2562; x_wconf 73' lang='grc' dir='ltr'>βασιλέας</span> <span class='ocrx_word' id='word_1_179' title='bbox 509 2483 559 2566; x_wconf 78' lang='lat' dir='ltr'>pir</span> <span class='ocrx_word' id='word_1_180' title='bbox 579 2478 624 2562; x_wconf 65' lang='lat' dir='ltr'>nol</span> <span class='ocrx_word' id='word_1_181' title='bbox 644 2481 743 2558; x_wconf 70' lang='grc' dir='ltr'>πόλεις</span> <span class='ocrx_word' id='word_1_182' title='bbox 765 2483 854 2568; x_wconf 67' lang='grc' dir='ltr'>ὀλίγοι</span> <span class='ocrx_word' id='word_1_183' title='bbox 872 2477 1090 2571; x_wconf 34' lang='lat' dir='ltr'>actumst]</span> <span class='ocrx_word' id='word_1_184' title='bbox 1117 2482 1177 2550; x_wconf 79' lang='lat' dir='ltr'>Ple⁴</span> 
     </span>
     <span class='ocr_line' id='line_1_23' title="bbox 159 2581 1215 2711; baseline -0.002 -62"><span class='ocrx_word' id='word_1_185' title='bbox 159 2582 231 2650; x_wconf 85' lang='lat' dir='ltr'>nius</span> <span class='ocrx_word' id='word_1_186' title='bbox 244 2583 335 2648; x_wconf 85' lang='lat' dir='ltr'>Harl.</span> <span class='ocrx_word' id='word_1_187' title='bbox 353 2602 384 2648; x_wconf 82' lang='lat' dir='ltr'>a.</span> <span class='ocrx_word' id='word_1_188' title='bbox 400 2597 433 2648; x_wconf 88' lang='lat' dir='ltr'>et</span> <span class='ocrx_word' id='word_1_189' title='bbox 453 2586 543 2648; x_wconf 82' lang='lat' dir='ltr'>Mea.</span> <span class='ocrx_word' id='word_1_190' title='bbox 557 2587 589 2664; x_wconf 87' lang='grc' dir='ltr'>β.</span> <span class='ocrx_word' id='word_1_191' title='bbox 602 2585 652 2666; x_wconf 79' lang='grc' dir='ltr'>μὶν</span> <span class='ocrx_word' id='word_1_192' title='bbox 665 2589 723 2671; x_wconf 76' lang='grc' dir='ltr'>γὰρ</span> <span class='ocrx_word' id='word_1_193' title='bbox 737 2581 783 2663; x_wconf 68' lang='lat' dir='ltr'>aa)</span> <span class='ocrx_word' id='word_1_194' title='bbox 796 2610 884 2648; x_wconf 74' lang='lat' dir='ltr'>ar.-.</span> <span class='ocrx_word' id='word_1_195' title='bbox 921 2586 1087 2650; x_wconf 80' lang='lat' dir='ltr'>Caeterum</span> <span class='ocrx_word' id='word_1_196' title='bbox 1108 2584 1177 2650; x_wconf 86' lang='lat' dir='ltr'>defi·</span> <span class='ocrx_word' id='word_1_197' title='bbox 1212 2598 1215 2711; x_wconf 66' lang='grc'><strong>4</strong></span> 
     </span>
     <span class='ocr_line' id='line_1_24' title="bbox 159 2682 1215 2833; baseline -0.003 -79"><span class='ocrx_word' id='word_1_198' title='bbox 159 2687 288 2756; x_wconf 87' lang='lat' dir='ltr'>deratur</span> <span class='ocrx_word' id='word_1_199' title='bbox 301 2685 373 2768; x_wconf 71' lang='grc' dir='ltr'><strong><em>ἔφην,</em></strong></span> <span class='ocrx_word' id='word_1_200' title='bbox 389 2686 528 2774; x_wconf 79' lang='lat' dir='ltr'>inquam:</span> <span class='ocrx_word' id='word_1_201' title='bbox 552 2710 624 2772; x_wconf 82' lang='lat' dir='ltr'>quoe</span> <span class='ocrx_word' id='word_1_202' title='bbox 639 2686 759 2750; x_wconf 83' lang='lat' dir='ltr'>omiliio</span> <span class='ocrx_word' id='word_1_203' title='bbox 777 2682 986 2773; x_wconf 84' lang='lat' dir='ltr'>intelligenda</span> <span class='ocrx_word' id='word_1_204' title='bbox 1000 2688 1045 2752; x_wconf 87' lang='lat' dir='ltr'>est</span> <span class='ocrx_word' id='word_1_205' title='bbox 1057 2710 1096 2752; x_wconf 87' lang='lat' dir='ltr'>ex</span> <span class='ocrx_word' id='word_1_206' title='bbox 1107 2710 1177 2753; x_wconf 78' lang='lat' dir='ltr'>con·</span> <span class='ocrx_word' id='word_1_207' title='bbox 1213 2718 1215 2833; x_wconf 65' lang='lat' dir='ltr'>p</span> 
     </span>
     <span class='ocr_line' id='line_1_25' title="bbox 159 2788 1199 2876; baseline 0.004 -22"><span class='ocrx_word' id='word_1_208' title='bbox 159 2791 297 2856; x_wconf 76' lang='lat' dir='ltr'>versione</span> <span class='ocrx_word' id='word_1_209' title='bbox 310 2789 460 2855; x_wconf 87' lang='lat' dir='ltr'>orationis</span> <span class='ocrx_word' id='word_1_210' title='bbox 475 2789 613 2875; x_wconf 78' lang='lat' dir='ltr'>obliquae</span> <span class='ocrx_word' id='word_1_211' title='bbox 628 2788 660 2853; x_wconf 92' lang='lat' dir='ltr'>in</span> <span class='ocrx_word' id='word_1_212' title='bbox 676 2789 806 2868; x_wconf 67' lang='lat' dir='ltr'>retiam,</span> <span class='ocrx_word' id='word_1_213' title='bbox 820 2789 860 2854; x_wconf 90' lang='lat' dir='ltr'>de</span> <span class='ocrx_word' id='word_1_214' title='bbox 875 2812 940 2876; x_wconf 89' lang='lat' dir='ltr'>qna</span> <span class='ocrx_word' id='word_1_215' title='bbox 953 2790 995 2855; x_wconf 89' lang='lat' dir='ltr'>ad</span> <span class='ocrx_word' id='word_1_216' title='bbox 1008 2793 1078 2858; x_wconf 90' lang='lat' dir='ltr'>Ser.</span> <span class='ocrx_word' id='word_1_217' title='bbox 1086 2793 1179 2858; x_wconf 82' lang='lat' dir='ltr'>Num·</span> <span class='ocrx_word' id='word_1_218' title='bbox 1192 2802 1199 2813; x_wconf 85' lang='lat'>&#39;</span> 
     </span>
     <span class='ocr_line' id='line_1_26' title="bbox 158 2888 857 2976; baseline -0.002 -21"><span class='ocrx_word' id='word_1_219' title='bbox 158 2891 257 2955; x_wconf 90' lang='lat' dir='ltr'>Vind.</span> <span class='ocrx_word' id='word_1_220' title='bbox 272 2913 304 2976; x_wconf 93' lang='lat' dir='ltr'>p.</span> <span class='ocrx_word' id='word_1_221' title='bbox 316 2893 391 2975; x_wconf 84' lang='lat'><strong>567.</strong></span> <span class='ocrx_word' id='word_1_222' title='bbox 407 2893 442 2955; x_wconf 92' lang='lat' dir='ltr'>F.</span> <span class='ocrx_word' id='word_1_223' title='bbox 458 2905 491 2956; x_wconf 88' lang='lat' dir='ltr'>et</span> <span class='ocrx_word' id='word_1_224' title='bbox 505 2889 649 2955; x_wconf 87' lang='lat' dir='ltr'>dicemus</span> <span class='ocrx_word' id='word_1_225' title='bbox 663 2903 696 2954; x_wconf 91' lang='lat' dir='ltr'>et</span> <span class='ocrx_word' id='word_1_226' title='bbox 710 2888 857 2954; x_wconf 69' lang='lat' dir='ltr'>diximus.</span> 
     </span>
    </p>

    <p class='ocr_par' dir='ltr' id='par_1_8' title="bbox 157 2991 1188 3561">
     <span class='ocr_line' id='line_1_27' title="bbox 201 2991 1182 3083; baseline 0.005 -30"><span class='ocrx_word' id='word_1_227' title='bbox 201 3012 234 3077; x_wconf 91' lang='lat' dir='ltr'>p.</span> <span class='ocrx_word' id='word_1_228' title='bbox 253 3010 325 3075; x_wconf 82' lang='lat'><strong>155.</strong></span> <span class='ocrx_word' id='word_1_229' title='bbox 340 2994 383 3056; x_wconf 88' lang='lat' dir='ltr'>A.</span> <span class='ocrx_word' id='word_1_230' title='bbox 413 2995 440 3053; x_wconf 76' lang='lat' dir='ltr'>ir</span> <span class='ocrx_word' id='word_1_231' title='bbox 465 2991 795 3078; x_wconf 62' lang='lat' dir='ltr'>ripa&#39;tfp-ertpramia]</span> <span class='ocrx_word' id='word_1_232' title='bbox 829 2991 966 3078; x_wconf 79' lang='lat' dir='ltr'>Scythas</span> <span class='ocrx_word' id='word_1_233' title='bbox 990 2991 1024 3058; x_wconf 88' lang='lat' dir='ltr'>in</span> <span class='ocrx_word' id='word_1_234' title='bbox 1048 2991 1182 3083; x_wconf 79' lang='lat' dir='ltr'>plnusttit</span> 
     </span>
     <span class='ocr_line' id='line_1_28' title="bbox 158 3089 1184 3180; baseline 0.007 -24"><span class='ocrx_word' id='word_1_235' title='bbox 158 3091 341 3156; x_wconf 85' lang='lat' dir='ltr'>oberrantes</span> <span class='ocrx_word' id='word_1_236' title='bbox 369 3091 483 3171; x_wconf 85' lang='lat' dir='ltr'>vivere,</span> <span class='ocrx_word' id='word_1_237' title='bbox 509 3091 583 3155; x_wconf 89' lang='lat' dir='ltr'>inde</span> <span class='ocrx_word' id='word_1_238' title='bbox 603 3089 758 3172; x_wconf 70' lang='grc' dir='ltr'>οἶμαξοὸίες</span> <span class='ocrx_word' id='word_1_239' title='bbox 779 3091 893 3171; x_wconf 72' lang='lat' dir='ltr'>dictos,</span> <span class='ocrx_word' id='word_1_240' title='bbox 918 3093 1085 3180; x_wconf 77' lang='lat' dir='ltr'>significat.</span> <span class='ocrx_word' id='word_1_241' title='bbox 1128 3099 1184 3162; x_wconf 74' lang='lat' dir='ltr'>Rea</span> 
     </span>
     <span class='ocr_line' id='line_1_29' title="bbox 157 3190 1186 3278; baseline 0.008 -22"><span class='ocrx_word' id='word_1_242' title='bbox 157 3192 363 3278; x_wconf 75' lang='lat' dir='ltr'>pervulgata3</span> <span class='ocrx_word' id='word_1_243' title='bbox 388 3190 577 3278; x_wconf 88' lang='lat' dir='ltr'>Hippocrati</span> <span class='ocrx_word' id='word_1_244' title='bbox 597 3193 664 3277; x_wconf 67' lang='lat' dir='ltr'>eropi</span> <span class='ocrx_word' id='word_1_245' title='bbox 679 3191 764 3276; x_wconf 73' lang='grc' dir='ltr'>ἀέρων</span> <span class='ocrx_word' id='word_1_246' title='bbox 780 3196 807 3276; x_wconf 70' lang='grc' dir='ltr'><strong>ξ.</strong></span> <span class='ocrx_word' id='word_1_247' title='bbox 824 3194 952 3259; x_wconf 90' lang='lat' dir='ltr'>XClll.</span> <span class='ocrx_word' id='word_1_248' title='bbox 968 3195 1025 3261; x_wconf 89' lang='lat' dir='ltr'>ubi</span> <span class='ocrx_word' id='word_1_249' title='bbox 1039 3213 1075 3264; x_wconf 88' lang='lat' dir='ltr'>et</span> <span class='ocrx_word' id='word_1_250' title='bbox 1094 3198 1186 3264; x_wconf 80' lang='lat' dir='ltr'>nodi·</span> 
     </span>
     <span class='ocr_line' id='line_1_30' title="bbox 158 3293 1186 3388; baseline 0.009 -31"><span class='ocrx_word' id='word_1_251' title='bbox 158 3316 270 3358; x_wconf 87' lang='lat' dir='ltr'>ernum</span> <span class='ocrx_word' id='word_1_252' title='bbox 283 3294 471 3358; x_wconf 83' lang='lat' dir='ltr'>Tatarorum</span> <span class='ocrx_word' id='word_1_253' title='bbox 488 3314 610 3357; x_wconf 88' lang='lat' dir='ltr'>morem</span> <span class='ocrx_word' id='word_1_254' title='bbox 627 3305 719 3357; x_wconf 87' lang='lat' dir='ltr'>notat</span> <span class='ocrx_word' id='word_1_255' title='bbox 733 3293 958 3361; x_wconf 84' lang='lat' dir='ltr'>eruditillunua</span> <span class='ocrx_word' id='word_1_256' title='bbox 974 3300 1095 3388; x_wconf 81' lang='lat' dir='ltr'>Koray.</span> <span class='ocrx_word' id='word_1_257' title='bbox 1117 3302 1186 3366; x_wconf 89' lang='lat' dir='ltr'>Ho-</span> 
     </span>
     <span class='ocr_line' id='line_1_31' title="bbox 157 3394 1188 3483; baseline 0.003 -22"><span class='ocrx_word' id='word_1_258' title='bbox 157 3394 238 3461; x_wconf 84' lang='lat' dir='ltr'>ratio</span> <span class='ocrx_word' id='word_1_259' title='bbox 262 3395 370 3458; x_wconf 86' lang='lat' dir='ltr'>Carm.</span> <span class='ocrx_word' id='word_1_260' title='bbox 392 3395 454 3459; x_wconf 93' lang='lat' dir='ltr'>Ill.</span> <span class='ocrx_word' id='word_1_261' title='bbox 471 3412 523 3475; x_wconf 82' lang='lat'>24.</span> <span class='ocrx_word' id='word_1_262' title='bbox 538 3414 570 3478; x_wconf 89' lang='lat'>9.</span> <span class='ocrx_word' id='word_1_263' title='bbox 608 3394 757 3459; x_wconf 89' lang='lat' dir='ltr'>Straboni</span> <span class='ocrx_word' id='word_1_264' title='bbox 778 3397 839 3459; x_wconf 87' lang='lat' dir='ltr'>Xl.</span> <span class='ocrx_word' id='word_1_265' title='bbox 862 3415 896 3481; x_wconf 91' lang='lat' dir='ltr'>p.</span> <span class='ocrx_word' id='word_1_266' title='bbox 913 3414 988 3483; x_wconf 84' lang='lat'><strong>753.</strong></span> <span class='ocrx_word' id='word_1_267' title='bbox 1026 3399 1131 3467; x_wconf 83' lang='lat' dir='ltr'>Plinio</span> <span class='ocrx_word' id='word_1_268' title='bbox 1143 3402 1188 3466; x_wconf 86' lang='grc' dir='ltr'><strong>Η.</strong></span> 
     </span>
     <span class='ocr_line' id='line_1_32' title="bbox 157 3493 761 3561; baseline -0.002 0"><span class='ocrx_word' id='word_1_269' title='bbox 157 3496 203 3561; x_wconf 91' lang='grc' dir='ltr'><strong>Ν.</strong></span> <span class='ocrx_word' id='word_1_270' title='bbox 220 3495 278 3558; x_wconf 93' lang='lat' dir='ltr'>lV.</span> <span class='ocrx_word' id='word_1_271' title='bbox 295 3514 345 3561; x_wconf 85' lang='lat'>12.</span> <span class='ocrx_word' id='word_1_272' title='bbox 361 3506 395 3559; x_wconf 93' lang='lat' dir='ltr'>et</span> <span class='ocrx_word' id='word_1_273' title='bbox 409 3493 519 3558; x_wconf 87' lang='lat' dir='ltr'>multis</span> <span class='ocrx_word' id='word_1_274' title='bbox 534 3511 720 3560; x_wconf 87' lang='lat' dir='ltr'>memorata.</span> <span class='ocrx_word' id='word_1_275' title='bbox 758 3523 761 3529; x_wconf 93' lang='lat'>·</span> 
     </span>
    </p>

    <p class='ocr_par' dir='ltr' id='par_1_9' title="bbox 152 3588 1188 4200">
     <span class='ocr_line' id='line_1_33' title="bbox 203 3588 1188 3694; baseline 0.009 -33"><span class='ocrx_word' id='word_1_276' title='bbox 203 3594 273 3681; x_wconf 73' lang='grc'><strong>155.</strong></span> <span class='ocrx_word' id='word_1_277' title='bbox 290 3597 332 3660; x_wconf 84' lang='lat' dir='ltr'>A.</span> <span class='ocrx_word' id='word_1_278' title='bbox 355 3588 426 3660; x_wconf 68' lang='grc' dir='ltr'><strong>οἶκον</strong></span> <span class='ocrx_word' id='word_1_279' title='bbox 446 3595 474 3659; x_wconf 78' lang='lat' dir='ltr'>li</span> <span class='ocrx_word' id='word_1_280' title='bbox 494 3621 541 3677; x_wconf 76' lang='grc' dir='ltr'>μοι</span> <span class='ocrx_word' id='word_1_281' title='bbox 562 3598 701 3682; x_wconf 56' lang='grc' dir='ltr'><strong>δοκοῖς-ω]</strong></span> <span class='ocrx_word' id='word_1_282' title='bbox 726 3598 769 3661; x_wconf 84' lang='lat' dir='ltr'>Et</span> <span class='ocrx_word' id='word_1_283' title='bbox 787 3597 889 3662; x_wconf 83' lang='lat' dir='ltr'>domus</span> <span class='ocrx_word' id='word_1_284' title='bbox 910 3614 1004 3667; x_wconf 79' lang='lat' dir='ltr'>notat</span> <span class='ocrx_word' id='word_1_285' title='bbox 1021 3621 1100 3671; x_wconf 82' lang='lat' dir='ltr'>cum</span> <span class='ocrx_word' id='word_1_286' title='bbox 1115 3624 1188 3694; x_wconf 79' lang='lat' dir='ltr'>pno-</span> 
     </span>
     <span class='ocr_line' id='line_1_34' title="bbox 156 3695 1187 3787; baseline 0.002 -25"><span class='ocrx_word' id='word_1_287' title='bbox 156 3698 224 3786; x_wconf 90' lang='lat' dir='ltr'>prie</span> <span class='ocrx_word' id='word_1_288' title='bbox 242 3695 413 3782; x_wconf 63' lang='lat' dir='ltr'>artificium,</span> <span class='ocrx_word' id='word_1_289' title='bbox 435 3710 505 3760; x_wconf 80' lang='lat' dir='ltr'>tuni</span> <span class='ocrx_word' id='word_1_290' title='bbox 521 3697 668 3761; x_wconf 86' lang='lat' dir='ltr'>transsate</span> <span class='ocrx_word' id='word_1_291' title='bbox 678 3697 839 3784; x_wconf 83' lang='lat' dir='ltr'>familiam</span> <span class='ocrx_word' id='word_1_292' title='bbox 857 3709 885 3762; x_wconf 87' lang='lat' dir='ltr'>ct</span> <span class='ocrx_word' id='word_1_293' title='bbox 899 3724 959 3766; x_wconf 80' lang='lat' dir='ltr'>rem</span> <span class='ocrx_word' id='word_1_294' title='bbox 968 3702 1187 3787; x_wconf 63' lang='lat' dir='ltr'>familiam</span> 
     </span>
     <span class='ocr_line' id='line_1_35' title="bbox 157 3797 1188 3890; baseline 0.007 -24"><span class='ocrx_word' id='word_1_295' title='bbox 157 3815 192 3866; x_wconf 83' lang='lat' dir='ltr'>at</span> <span class='ocrx_word' id='word_1_296' title='bbox 208 3797 281 3864; x_wconf 75' lang='grc' dir='ltr'><strong>οἰκία</strong></span> <span class='ocrx_word' id='word_1_297' title='bbox 295 3800 449 3863; x_wconf 88' lang='lat' dir='ltr'>Veterum</span> <span class='ocrx_word' id='word_1_298' title='bbox 471 3797 701 3862; x_wconf 89' lang='lat' dir='ltr'>consuetudine</span> <span class='ocrx_word' id='word_1_299' title='bbox 724 3800 826 3885; x_wconf 86' lang='lat' dir='ltr'>magis</span> <span class='ocrx_word' id='word_1_300' title='bbox 845 3799 886 3866; x_wconf 93' lang='lat' dir='ltr'>de</span> <span class='ocrx_word' id='word_1_301' title='bbox 907 3803 1037 3890; x_wconf 82' lang='lat' dir='ltr'>aedr&#39;ficio</span> <span class='ocrx_word' id='word_1_302' title='bbox 1060 3807 1188 3874; x_wconf 86' lang='lat' dir='ltr'>dicitur.</span> 
     </span>
     <span class='ocr_line' id='line_1_36' title="bbox 156 3897 1188 3991; baseline -0.001 -25"><span class='ocrx_word' id='word_1_303' title='bbox 156 3903 233 3966; x_wconf 87' lang='lat' dir='ltr'>Huc</span> <span class='ocrx_word' id='word_1_304' title='bbox 253 3898 391 3986; x_wconf 85' lang='lat' dir='ltr'>pertinet</span> <span class='ocrx_word' id='word_1_305' title='bbox 412 3897 492 3962; x_wconf 90' lang='lat' dir='ltr'>illud</span> <span class='ocrx_word' id='word_1_306' title='bbox 515 3899 740 3984; x_wconf 85' lang='lat' dir='ltr'>Xenophontis</span> <span class='ocrx_word' id='word_1_307' title='bbox 762 3901 939 3966; x_wconf 87' lang='lat' dir='ltr'>OEcononr.</span> <span class='ocrx_word' id='word_1_308' title='bbox 958 3905 985 3966; x_wconf 92' lang='lat'>1.</span> <span class='ocrx_word' id='word_1_309' title='bbox 999 3924 1044 3991; x_wconf 89' lang='grc'><strong>5,·</strong></span> <span class='ocrx_word' id='word_1_310' title='bbox 1073 3908 1188 3984; x_wconf 62' lang='lat' dir='ltr'>amat</span> 
     </span>
     <span class='ocr_line' id='line_1_37' title="bbox 152 3995 1185 4086; baseline 0.002 -22"><span class='ocrx_word' id='word_1_311' title='bbox 152 4000 184 4064; x_wconf 73' lang='lat' dir='ltr'>al</span> <span class='ocrx_word' id='word_1_312' title='bbox 203 4005 265 4083; x_wconf 75' lang='grc' dir='ltr'>ἡμῖν</span> <span class='ocrx_word' id='word_1_313' title='bbox 285 4003 357 4064; x_wconf 74' lang='grc' dir='ltr'><strong>δοκεῖ</strong></span> <span class='ocrx_word' id='word_1_314' title='bbox 379 3998 463 4078; x_wconf 60' lang='lat' dir='ltr'>aliast</span> <span class='ocrx_word' id='word_1_315' title='bbox 487 3996 543 4084; x_wconf 75' lang='lat' dir='ltr'>alpe</span> <span class='ocrx_word' id='word_1_316' title='bbox 564 3995 628 4086; x_wconf 68' lang='lat' dir='ltr'>irrep</span> <span class='ocrx_word' id='word_1_317' title='bbox 650 3999 735 4078; x_wconf 78' lang='lat' dir='ltr'>alala,</span> <span class='ocrx_word' id='word_1_318' title='bbox 751 3999 765 4077; x_wconf 74' lang='lat' dir='ltr'>i</span> <span class='ocrx_word' id='word_1_319' title='bbox 781 3999 827 4079; x_wconf 71' lang='lat' dir='ltr'>aa}</span> <span class='ocrx_word' id='word_1_320' title='bbox 843 4000 896 4066; x_wconf 73' lang='grc' dir='ltr'>ὅσα</span> <span class='ocrx_word' id='word_1_321' title='bbox 909 4030 951 4079; x_wconf 77' lang='grc' dir='ltr'>τις</span> <span class='ocrx_word' id='word_1_322' title='bbox 965 4004 1019 4083; x_wconf 68' lang='grc' dir='ltr'>ἔξω</span> <span class='ocrx_word' id='word_1_323' title='bbox 1034 4015 1084 4085; x_wconf 65' lang='grc' dir='ltr'>τῆς</span> <span class='ocrx_word' id='word_1_324' title='bbox 1103 4010 1185 4085; x_wconf 59' lang='grc' dir='ltr'>οἰκίας</span> 
     </span>
     <span class='ocr_line' id='line_1_38' title="bbox 154 4097 1184 4200; baseline -0.002 -35"><span class='ocrx_word' id='word_1_325' title='bbox 154 4101 296 4180; x_wconf 63' lang='lat' dir='ltr'>iniurato,</span> <span class='ocrx_word' id='word_1_326' title='bbox 316 4101 416 4166; x_wconf 71' lang='grc' dir='ltr'><em>πάντα</em></span> <span class='ocrx_word' id='word_1_327' title='bbox 434 4107 483 4163; x_wconf 79' lang='grc' dir='ltr'>τοῦ</span> <span class='ocrx_word' id='word_1_328' title='bbox 504 4097 576 4164; x_wconf 76' lang='grc' dir='ltr'><strong>οἴκου</strong></span> <span class='ocrx_word' id='word_1_329' title='bbox 597 4108 690 4191; x_wconf 74' lang='lat' dir='ltr'>caira</span> <span class='ocrx_word' id='word_1_330' title='bbox 711 4100 766 4174; x_wconf 72' lang='grc' dir='ltr'>ὶςῖν</span> <span class='ocrx_word' id='word_1_331' title='bbox 777 4126 787 4181; x_wconf 91' lang='lat'>;</span> <span class='ocrx_word' id='word_1_332' title='bbox 811 4103 869 4185; x_wconf 72' lang='grc' dir='ltr'>ἐμοὶ</span> <span class='ocrx_word' id='word_1_333' title='bbox 887 4112 967 4189; x_wconf 76' lang='grc' dir='ltr'><strong>γοῦν,</strong></span> <span class='ocrx_word' id='word_1_334' title='bbox 988 4106 1037 4190; x_wconf 68' lang='grc' dir='ltr'>ἔφη</span> <span class='ocrx_word' id='word_1_335' title='bbox 1052 4115 1066 4173; x_wconf 79' lang='grc' dir='ltr'><strong>ό</strong></span> <span class='ocrx_word' id='word_1_336' title='bbox 1082 4111 1184 4200; x_wconf 54' lang='grc' dir='ltr'><strong>Κςηό.</strong></span> 
     </span>
    </p>
   </div>
   <div class='ocr_carea' id='block_1_3' title="bbox 1211 2372 1215 2525">
    <p class='ocr_par' dir='ltr' id='par_1_10' title="bbox 1211 2372 1215 2525">
     <span class='ocr_line' id='line_1_39' title="bbox 1211 2372 1215 2445; baseline 0 0"><span class='ocrx_word' id='word_1_337' title='bbox 1211 2372 1215 2445; x_wconf 85' lang='lat' dir='ltr'>l</span> 
     </span>
     <span class='ocr_line' id='line_1_40' title="bbox 1212 2452 1215 2525; baseline 0 0"><span class='ocrx_word' id='word_1_338' title='bbox 1212 2452 1215 2525; x_wconf 89' lang='lat' dir='ltr'>l</span> 
     </span>
    </p>
   </div>
   <div class='ocr_carea' id='block_1_4' title="bbox 153 4200 1186 4297">
    <p class='ocr_par' dir='ltr' id='par_1_11' title="bbox 153 4200 1186 4297">
     <span class='ocr_line' id='line_1_41' title="bbox 153 4200 1186 4297; baseline -0.004 -31"><span class='ocrx_word' id='word_1_339' title='bbox 153 4200 261 4282; x_wconf 61' lang='grc' dir='ltr'><strong>ἴουλος,</strong></span> <span class='ocrx_word' id='word_1_340' title='bbox 283 4205 408 4269; x_wconf 58' lang='grc' dir='ltr'>δοκεῖ-η</span> <span class='ocrx_word' id='word_1_341' title='bbox 443 4202 527 4266; x_wconf 88' lang='lat' dir='ltr'>Item</span> <span class='ocrx_word' id='word_1_342' title='bbox 552 4200 730 4269; x_wconf 79' lang='lat' dir='ltr'>Aristotelis</span> <span class='ocrx_word' id='word_1_343' title='bbox 758 4204 894 4289; x_wconf 79' lang='lat' dir='ltr'>Republ.</span> <span class='ocrx_word' id='word_1_344' title='bbox 922 4207 950 4271; x_wconf 92' lang='lat' dir='ltr'>l.</span> <span class='ocrx_word' id='word_1_345' title='bbox 971 4229 1072 4297; x_wconf 79' lang='lat'>1-3,</span> <span class='ocrx_word' id='word_1_346' title='bbox 1121 4213 1186 4278; x_wconf 79' lang='grc' dir='ltr'><strong>(Ε.</strong></span> 
     </span>
    </p>
   </div>
   <div class='ocr_carea' id='block_1_5' title="bbox 0 0 1354 4928">
    <p class='ocr_par' dir='ltr' id='par_1_12' title="bbox 0 0 1354 4928">
     <span class='ocr_line' id='line_1_42' title="bbox 0 0 1354 4928; baseline 0 0"><span class='ocrx_word' id='word_1_347' title='bbox 0 0 1354 4928; x_wconf 95' lang='lat' dir='ltr'> </span> 
     </span>
    </p>
   </div>
  </div>
 </body>
</html>
