2700 4928
280 378 341 452 αρε
470 376 568 435 nn.
587 373 794 434 inruant.
815 372 862 433 rn
882 368 1112 431 rnuraacur

281 535 425 624 sophiam
445 537 496 602 vel
513 537 687 616 inventam,
708 537 757 627 vel
778 537 904 602 auctam
923 532 1068 600 doctrina
1080 526 1214 608 Manli,
1231 549 1310 616 qum

280 637 445 705 extribus
472 637 680 725 Philosophiae
701 638 844 725 partibus
870 637 1024 723 postrema
1046 630 1183 709 acccffit,
1206 630 1307 717 conji-

280 735 368 802 tanda·
380 737 520 801 officium
535 753 603 802 erat
617 738 650 801 in
670 737 780 825 primia
797 750 964 823 poetarum
978 757 1052 799 cum
1068 730 1306 818 maglocunum,

280 847 352 906 tum
372 836 574 924 Lyricorum,
594 851 665 902 tum
683 836 817 903 aliorum
838 836 954 902 edam:
978 834 1172 918 fucmntque
1193 829 1229 897 ln
1250 828 1307 895 illo

280 959 398 1026 genere
417 952 452 1003 et
466 937 655 1004 Archilochi
669 937 829 1024 quadam,
843 936 1011 1023 dequibus
1026 931 1253 999 annotavimus
1262 928 1306 996 ad

279 1059 315 1126 p.
330 1057 383 1125 23.
403 1042 446 1104 A.
461 1040 499 1104 B.
515 1053 549 1105 et
566 1055 621 1125 33.
636 1040 683 1105 B:
714 1038 837 1105 Pindari
857 1044 968 1124 θρῆνοιι
991 1036 1126 1102 aliorum
1148 1033 1223 1112 alia,
1243 1055 1305 1099 cu·

275 1137 417 1229 jusmodi
430 1139 527 1206 habet
540 1141 686 1205 Stobaeus
705 1137 865 1226 Florilegii
876 1137 986 1203 Titulo
1001 1134 1159 1201 CXXIII.
1175 1131 1230 1198 cui
1243 1152 1303 1197 no·

279 1260 354 1306 men
376 1241 419 1306 est
439 1245 636 1329 Παρηγοςικὰ,
653 1239 689 1305 id
706 1241 761 1319 est,
778 1237 988 1327 Corffolatorr'o.
1013 1239 1094 1302 Mox
1108 1234 1220 1299 solute
1231 1253 1303 1299 ota·

279 1340 376 1408 tionis
389 1342 556 1428 scriptores
577 1342 610 1408 in
631 1342 772 1408 muneris
786 1342 966 1408 societatem
981 1339 1187 1416 accederunt,
1208 1335 1306 1424 idquo

279 1443 410 1509 tandem
437 1458 475 1509 ut
501 1445 665 1532 proprium
690 1445 909 1511 obtinuerunt.
952 1445 994 1507 Et
1015 1463 1095 1528 quoa
1116 1439 1250 1527 quidam
1270 1439 1304 1504 in

279 1544 344 1611 hoc
365 1567 499 1612 numero
519 1546 701 1612 censeamus
724 1567 924 1633 quorumque
947 1542 1094 1609 notitiam
1119 1540 1305 1620 habemua

279 1645 316 1712 hi
327 1647 394 1712 fero
407 1647 491 1712 sunt.
513 1647 712 1732 Alcidamas,
726 1647 844 1733 dequo
860 1645 974 1710 Cicero
987 1646 1080 1710 Tusa.
1096 1642 1125 1706 1.
1139 1643 1194 1724 48.
1208 1643 1306 1708 rhetor

279 1746 420 1833 antiquus
435 1746 467 1811 t'rt
484 1747 588 1836 primis
601 1747 721 1827 nobilis,
735 1747 855 1835 scripstt
873 1746 960 1809 etiam
977 1743 1196 1810 Laudationem
1212 1743 1305 1810 Mor·

280 1849 330 1930 tis,
352 1872 421 1936 qna
443 1849 549 1936 constat
571 1873 607 1915 ar
630 1844 843 1919 enumeratione
861 1850 1054 1912 humanm
1075 1847 1238 1912 motorum:
1260 1847 1308 1913 cni

134 1964 139 1974 “
279 1948 407 2015 rationes
426 1974 480 2030 eae,
503 1972 571 2036 quae
588 1948 754 2038 exquisitius
769 1973 789 2012 a
803 1946 979 2036 pbilosophis
993 1944 1187 2032 colliguntur,
1200 1945 1307 2033 desur-

278 2063 361 2130 runt,
381 2052 501 2116 ubertas
523 2053 661 2117 orationis
680 2076 737 2116 nort
753 2051 868 2138 ostric:
890 2050 947 2136 qui
959 2047 1029 2136 ejus
1041 2040 1242 2114 intentionem
1257 2048 1306 2115 fe·

279 2165 406 2230 cerunt,
421 2151 473 2216 alii
488 2151 624 2237 Antiqui
637 2164 854 2215 memorantur
866 2150 907 2215 ab
920 2151 940 2215 J
942 2195 951 2212 .
961 2148 1086 2215 Davism
1098 2146 1243 2213 adhunc
1256 2148 1307 2215 lo·

279 2274 367 2316 cum.
402 2251 576 2337 Antiphon.-
598 2249 691 2336 cujus
704 2251 767 2314 suit
786 2250 866 2316 liber
886 2249 1054 2336 inscriptus
1072 2248 1158 2336 τίχη
1172 2250 1307 2330 ἀλυπίας,

279 2363 314 2415 et
324 2349 420 2435 hujus
433 2350 509 2414 artis
522 2350 667 2414 officina:
692 2350 767 2414 teste
785 2349 1096 2415 Pseudo-Plutarcho
1112 2349 1147 2414 in
1160 2348 1247 2417 vitis
1261 2352 1306 2417 Χ.

280 2451 451 2516 Oratorum
474 2471 507 2535 p.
526 2451 599 2534 833.
617 2449 657 2513 C.
681 2449 779 2514 simile
802 2449 880 2536 quid
902 2449 1096 2536 fignificantc
1119 2448 1308 2518 Philostrato

278 2550 311 2615 in
326 2549 410 2615 Vuis
424 2549 560 2637 Sophist.
578 2551 606 2614 Ι.
620 2565 670 2635 15.
681 2570 715 2635 3.
737 2550 921 2615 Democritus
935 2550 968 2614 in
982 2549 1065 2616 libro
1078 2552 1146 2638 τις]
1161 2551 1307 2635 εὐθυμίας.

277 2654 471 2744 Hipparchus
499 2654 739 2742 Pythagoricus,
765 2676 804 2719 ex
827 2655 920 2742 cujus
941 2655 1059 2741 scripto
1081 2656 1149 2743 περὶ
1173 2658 1308 2739 εὐθυμίας

278 2755 469 2843 partIculam
490 2757 620 2821 servavit
640 2757 788 2822 Stobaeua
814 2757 962 2843 Florileg.
986 2759 1089 2824 Scrm.
1108 2758 1196 2823 CVI.
1219 2759 1308 2824 undo

279 2857 466 2926 Plutarchus
495 2857 642 2943 quaedam
672 2855 720 2922 in'¹
738 2859 823 2924 hanc
849 2859 1015 2945 Apollonii
1043 2860 1308 2931 Consolationcm

277 2957 461 3025 transtuliffe
474 2958 608 3025 videtur.
637 2961 780 3025 Prodicus
794 2960 1061 3026 declamationem
1075 2962 1189 3027 habuit
1203 2963 1245 3029 de
1257 2963 1307 3029 vi·

277 3071 320 3123 tae
341 3058 586 3139 calamitatibus,
610 3061 685 3125 teste
707 3061 857 3147 scriptore
876 3060 1027 3142 Aniochi,
1050 3062 1106 3149 qui
1125 3063 1223 3152 vulgo
1241 3067 1306 3133 AE-

277 3157 393 3224 schinis
414 3160 544 3225 nominc
565 3161 675 3240 fertur,
697 3160 770 3225 inde
788 3161 873 3225 idern
889 3176 1116 3249 argumentum
1132 3165 1251 3250 repetit
1271 3165 1307 3254 §.

278 3278 310 3345 7.
346 3261 541 3327 Antimachus
562 3276 669 3348 poeta,
683 3263 737 3349 qui
759 3262 793 3326 in
815 3261 926 3348 Elegia
939 3263 1024 3348 Lyde
1040 3265 1072 3328 sc
1087 3263 1152 3351 ipse
1166 3265 1309 3332 inobitu

277 3361 384 3425 uxoris
405 3362 505 3450 Lydae
529 3362 708 3427 consolatus
731 3363 785 3442 cst,
809 3377 846 3427 ut
869 3364 902 3428 iu
921 3363 984 3429 hoc
1006 3363 1089 3429 libro
1109 3365 1174 3451 ipse
1198 3368 1308 3453 prodit

279 3464 468 3532 Plutarchus
494 3489 527 3552 p.
547 3466 618 3529 106.
641 3467 680 3531 Ε.
723 3466 812 3531 Plato
834 3467 866 3530 in
892 3467 1063 3547 Phaedonc,
1083 3467 1253 3555 Arssotclrs
1273 3471 1307 3537 in

278 3564 436 3646 Eudemo,
450 3567 491 3632 ad
505 3567 567 3631 hoc
580 3589 683 3653 genus
697 3568 870 3653 pertinent.
907 3569 1086 3634 Xenocrates
1106 3572 1173 3656 περὶ
1194 3573 1314 3638 hardu

277 3680 473 3735 memoratus
494 3668 637 3755 Diogeni
658 3668 786 3734 laertio
809 3672 866 3735 IV.
885 3690 936 3737 12.
957 3671 1178 3757 aquibusdam
1192 3695 1307 3741 reccu-

276 3769 396 3837 tiorum
408 3766 494 3832 idem
508 3767 648 3848 habitus,
669 3769 724 3855 qui
737 3769 897 3835 AEschinis
917 3771 1096 3836 Axiochus.
1134 3774 1306 3862 Theophra·

266 3873 334 3960 stus
347 3873 381 3939 in
390 3872 475 3941 libro
489 3870 674 3949 Kana-roim,
688 3871 704 3949 ἢ
721 3872 789 3959 περὶ
808 3871 927 3952 alatur,
950 3873 1068 3961 dequo
1083 3874 1198 3940 Cicero
1211 3878 1309 3944 Tusc.

278 3978 406 4042 111.10.
420 3975 504 4061 V.9.
519 3972 629 4039 etalii.
661 3974 800 4051 Crantor,
816 3996 899 4038 unus
913 3974 1059 4040 omnium
1074 3976 1224 4042 hocloco
1241 3990 1308 4043 tra·

277 4077 392 4143 &ando
406 4075 447 4144 ad
459 4075 671 4164 posteritatem
683 4075 875 4153 celebratus,
893 4098 912 4140 a
930 4076 1022 4164 cujus
1043 4077 1125 4143 libro
1142 4078 1183 4143 de
1200 4080 1309 4147 Lanu

276 4191 311 4242 ct
332 4179 447 4245 Cicero
468 4177 579 4243 multis
599 4177 755 4264 partibus,
776 4192 810 4243 et
827 4190 916 4241 totus
939 4191 1027 4242 certo
1049 4180 1250 4262 Plutarchus,
1272 4183 1308 4251 in

276 4279 340 4346 hoc
353 4292 544 4365 argumento
558 4277 716 4366 pendent.
747 4278 890 4365 Hagestos
903 4280 1103 4358 πεισιθάνατος
1117 4281 1243 4368 dicius3
1265 4284 1309 4351 dc
