2700 4928
175 339 236 408 944
364 333 401 394 D.
415 333 464 392 W.
485 331 689 392 ANIMADV.
710 333 758 392 IN
777 318 1009 392 Peu'ruuom
1032 359 1037 367 ·

175 519 212 560 ac
224 493 396 573 dicacitatis,
411 494 495 580 quod
511 494 632 559 valebat
646 495 685 559 ad
707 494 946 582 expurgandum
963 493 1183 582 abluendumqm

64 614 69 624 ·
174 618 213 660 ex
225 595 331 659 animo
342 593 476 680 fastum:
498 594 584 660 unde
598 595 705 659 malim
720 600 872 675 &manica
884 597 930 658 τὸν
942 594 1036 676 rc'pca

217 715 288 779 151.
299 698 334 758 E.
355 695 779 783 ποδονιπῑῆροφ-δυσγηέςεςος]
806 683 1057 781 Intelligendum
1071 717 1109 760 ex
1122 695 1179 759 He·

171 796 284 861 rodoto
306 797 351 858 Il.
372 812 452 880 172:
484 820 522 861 ex
544 797 626 882 pelvi
647 818 752 876 aurea,
775 796 807 860 in
829 819 894 883 qua
913 796 978 883 ipse
1000 808 1035 860 et
1055 795 1178 862 convive

171 897 267 980 pedes
284 897 412 961 abluere
427 899 661 976 consueverant,
676 897 830 961 daemonis
847 898 979 960 statuam
1000 897 1088 976 fecit,
1107 895 1176 960 etin

91 978 101 999 ⁸
168 996 296 1082 publico
317 997 404 1060 urbIs
428 996 501 1062 loco
522 998 647 1083 posuit:
678 1019 772 1083 quam
794 1019 892 1083 quum
913 996 1066 1083 AEgyptii
1086 995 1175 1082 pallim

169 1110 401 1173 venerarentur,
424 1119 478 1160 eos
500 1096 679 1175 admonuit,
701 1096 797 1160 fimile
817 1097 848 1160 se
872 1095 974 1182 ipsum
997 1097 1112 1160 habere
1129 1115 1174 1159 ne·

167 1197 311 1283 gotiun13
335 1220 408 1260 nam
422 1210 455 1262 et
469 1199 499 1261 se
513 1221 552 1261 ex
566 1197 691 1282 plebeio
705 1197 824 1262 fabium
847 1219 968 1284 regem,
986 1218 1074 1261 nunc
1089 1196 1173 1260 hono·

167 1297 300 1361 randum
323 1297 394 1362 effe.
427 1298 519 1362 Harl.
538 1319 566 1360 1.
584 1318 614 1365 2·
630 1298 708 1362 dant
730 1299 808 1362 item
827 1288 1037 1381 δυσγενίξατος,
1053 1296 1173 1383 cujucct

167 1419 204 1461 ex
228 1396 354 1462 historia
373 1414 504 1483 apparet
525 1399 627 1463 ratio:
653 1412 687 1463 et
708 1398 803 1464 iidem
823 1397 887 1461 ὄντα
912 1418 970 1483 pro
990 1399 1080 1476 tina,
1099 1393 1172 1480 cuju

167 1498 276 1562 lonica
298 1499 401 1562 forma
420 1498 559 1584 suspecta
580 1499 610 1562 ln
634 1499 761 1585 reliquia
782 1497 859 1563 diui
880 1499 1026 1583 partibus
1041 1518 1080 1562 ex
1098 1492 1171 1559 ccmss

166 1600 257 1663 muni
271 1598 406 1663 dialeilo
422 1599 541 1663 sumtis.
570 1599 800 1685 superlativum
816 1621 873 1687 pro
888 1596 1112 1685 Comparatico
1123 1595 1170 1658 hoc

78 1760 81 1766 .
132 1731 136 1738 ·
166 1699 295 1785 quidem
310 1698 383 1763 loco
398 1720 435 1762 ex
450 1699 568 1785 duplici
583 1700 735 1784 scriptura
748 1701 921 1767 conflatum
934 1698 1060 1764 dicam:
1081 1696 1172 1770 alren,

167 1823 263 1886 quam
285 1798 559 1885 restituimm,‚xpia
582 1801 707 1886 μυριάκις
731 1799 747 1875 ἢ
770 1806 813 1863 νῦν
837 1805 958 1883 ἀναφανῇ
983 1797 1168 1883 δυσγηῖςιςοςῐ

165 1901 265 1965 altera
289 1899 440 1979 breviore,
463 1899 514 1986 κᾷν
535 1906 655 1984 ἀναφανῇ
680 1898 884 1983 inoperimus.
929 1899 1018 1963 Alibi
1039 1895 1170 1985 reperitur

165 2000 379 2088 Superlativus
394 2021 452 2086 pro
468 2001 691 2088 Comparativo
706 2000 878 2078 adhibitus,
894 2000 940 2064 ita
954 2013 1062 2064 tamen
1079 2011 1113 2063 ut
1123 2017 1168 2082 pn

163 2102 228 2165 tius
252 2124 272 2166 a
294 2101 432 2180 librario,
456 2125 552 2187 quam
575 2103 715 2181 auctore,
740 2102 901 2187 profeclua
924 2100 1084 2166 videatur:
1112 2116 1167 2162 nc.

165 2203 286 2267 Platoni
301 2207 382 2290 Leg.
393 2206 436 2267 II.
451 2225 483 2288 p.
495 2206 569 2287 581.
583 2206 622 2268 F:
646 2202 767 2280 καλλῖςη
781 2203 892 2281 ταύτης,
908 2224 968 2288 pro
983 2201 1103 2267 καλλίω
1113 2195 1168 2263 rai·
1209 2208 1213 2231 ⁴

160 2329 220 2379 της.
256 2302 402 2387 Euripidi
422 2303 649 2368 Andromache
663 2308 695 2368 6.
717 2310 777 2368 Νῦν
796 2303 902 2387 icini
919 2303 994 2382 ἄλλη
1015 2300 1167 2389 &mitt
1211 2350 1213 2355 ,

160 2411 227 2493 γυνὴ
248 2409 336 2488 ‘Epiri
350 2407 484 2489 oripnacr,
506 2407 520 2483 ἢ
542 2409 695 2492 γενήσεται·
718 2408 839 2473 dudum
860 2407 1004 2495 Scaliger
1016 2391 1167 2495 leigendnn

162 2523 329 2573 monuerat
343 2508 522 2595 δυςνχοςέρα·
546 2521 580 2572 et
600 2510 743 2594 probavit
756 2511 979 2598 Musgraviua:
1002 2526 1035 2576 et
1047 2506 1169 2576 Valcke-

161 2609 266 2674 narius
281 2608 442 2697 corrigens
456 2613 515 2672 Νῦν
531 2612 551 2672 δ’
567 2608 629 2684 εἴτις
645 2610 720 2688 ἄλλη
739 2613 925 2698 δυςυχεςᾶτη,
940 2612 1084 2699 proximo
1099 2604 1168 2672 versu

161 2710 279 2789 deletu,
295 2711 399 2774 mirari
407 2713 455 2797 se,
470 2710 526 2790 ait,
540 2710 621 2774 viros
638 2711 754 2775 Graecae
768 2711 935 2796 dcciifflmos
950 2723 1102 2800 tamquam
1116 2709 1170 2773 Iiu-

31 2886 35 2894 ¹
159 2812 274 2898 ripidea
293 2812 443 2900 probasti:
461 2810 574 2886 -οότις
587 2809 661 2888 ἄλλη
675 2812 989 2898 &emerim—'Emi‘
1013 2813 1080 2876 Jer.
1095 2804 1171 2874 IIoeI·

158 2913 273 2977 alinum
288 2915 332 2976 nd
348 2911 490 3002 Apollon.
506 2912 601 2976 Rhod.
616 2912 677 2976 III.
692 2932 746 2998 91.
764 2913 848 2981 .Jac.
864 2913 1033 2998 Daportum
1049 2909 1171 2976 Praelca.

50 3024 53 3029 ⁴
158 3014 191 3075 in
210 3013 353 3098 Theopbr.
372 3014 511 3079 Charatl.
531 3030 565 3101 p.
581 3015 662 3098 387:
689 3023 717 3074 ct
735 3013 786 3076 Jo.
802 3013 962 3099 Davifium
985 3016 1029 3078 od
1052 3012 1172 3078 Maiia-

160 3111 229 3194 Tyr.
242 3111 373 3176 XXIII.
392 3133 481 3176 1.-:
505 3124 539 3176 at
548 3115 586 3197 se
598 3135 718 3197 negare,
740 3137 843 3176 morem
864 3115 941 3177 hunc
955 3115 1115 3203 Euripidis
1123 3112 1174 3202 su·

158 3214 217 3299 iffi,
233 3227 322 3300 atque
335 3215 399 3276 haec
412 3216 443 3276 in
459 3213 512 3300 ssa
523 3213 662 3299 formula
684 3213 820 3299 loquendi
834 3216 865 3278 iu
885 3216 1053 3302 universum
1067 3211 1177 3281 tolerari

153 3314 241 3401 ροβε.
278 3314 379 3399 Atqui
402 3313 481 3377 nihil
499 3313 675 3390 attulerunt
696 3312 863 3379 douiffimi
881 3315 926 3379 illi
944 3316 1016 3396 viri,
1036 3317 1123 3405 quod
1142 3312 1176 3381 ad

157 3416 240 3480 hanc
268 3437 334 3479 rem
360 3414 528 3501 pertineat.
574 3414 661 3478 Nam
684 3415 716 3478 in
741 3415 915 3501 Apollonio
939 3416 1086 3484 Rhodio:
1108 3417 1176 3503 Ἥρη

155 3513 287 3594 Ἀθηναίη
300 3541 332 3577 τε
346 3515 463 3579 πίθοιτό
471 3519 521 3578 ’κεν
539 3513 608 3597 ὔμμι
626 3515 737 3596 piarem
747 3515 791 3579 *H
807 3517 877 3599 ἐμοί·
901 3539 966 3581 non
980 3540 1020 3583 ea
1034 3520 1078 3584 est
1092 3519 1178 3598 ratic,

158 3630 196 3682 ut
209 3617 320 3700 μάλιςα
342 3637 400 3702 pro
420 3621 530 3698 μᾶλλον
551 3631 700 3702 ponatur,
722 3616 775 3681 sed
796 3630 835 3682 ut
854 3625 964 3699 μᾶλλον
987 3641 1046 3706 per
1065 3620 1179 3707 ellipliu

154 3718 299 3784 omilium
321 3717 368 3796 lit,
387 3739 458 3803 quae
474 3716 548 3785 sanc
561 3719 603 3781 est
619 3717 741 3798 usitata,
764 3731 797 3782 ct
818 3720 888 3784 haec
911 3722 1068 3787 sententia
1088 3723 1179 3788 intel·

153 3819 289 3919 ligatur:
312 3818 391 3882 Juno
409 3831 438 3880 et
458 3819 605 3882 Minerva
627 3843 679 3882 vos
701 3821 826 3884 maxime
848 3823 1025 3902 exaudiant,
1046 3837 1074 3888 et
1089 3823 1182 3913 magis

151 3942 242 4005 quam
262 3943 333 3984 nos:
354 3918 439 3983 vobis
460 3921 556 4006 magis
577 3945 666 4008 quam
687 3923 768 3985 nobis
793 3923 1094 4012 obtemperantiffimae
1107 3929 1189 4013 stati

150 4020 318 4106 anortns
332 4044 405 4087 cum
427 4021 496 4084 aliia
517 4021 607 4101 locis,
624 4022 705 4088 duos
720 4036 844 4089 tanturn
859 4025 976 4106 adfert,
992 4029 1050 4114 qui
1063 4027 1183 4116 aliquid

150 4117 251 4185 valere
264 4121 449 4188 videanturr
473 4121 642 4207 Sophoclis
659 4124 773 4212 Antig.
792 4140 893 4210 1050:
917 4127 1049 4214 κρᾶτιςον
1070 4134 1190 4215 κτημά-Ι
