2700 4928
174 317 253 375 1016
315 316 355 375 D.
366 316 417 377 W.
436 316 642 376 ANIMADV.
664 316 712 374 IN
732 313 966 374 PLUTARCHI
987 311 1063 373 Lm.

172 477 261 541 Jenae
275 476 374 555 edito,
395 477 435 542 de
448 478 532 555 Ater,
548 478 649 555 Dices,
669 491 702 541 et
717 475 876 563 Nemesim,
899 474 1089 559 numinibus
1108 471 1186 537 diffe-

173 600 256 655 rens,
271 601 304 664 p.
316 581 364 641 16.
382 601 434 642 me
448 579 509 644 hoc
525 580 556 642 in
573 578 645 642 loco
656 579 770 643 erralie
784 577 989 662 pronunciat.
1023 575 1123 662 Cujus
1134 573 1185 638 ‹lil-

171 679 372 764 putationem
385 679 654 766 fusecopioseque
668 679 846 764 explicitam
862 701 903 742 ne
918 678 991 764 ipsre
1005 677 1105 742 verbis
1116 675 1184 739 refe·

172 800 289 857 ramus,
306 780 375 862 ,suis
397 781 593 868 argumentis
615 780 749 845 breviter
772 778 889 844 notaffe
911 777 986 841 satis
1008 778 1062 840 est.
1099 776 1185 862 Igitur

171 882 217 945 vir
243 882 465 947 eruditiffimua
490 884 676 968 postremam
702 880 797 967 hujus
823 880 884 943 loci
909 893 1038 964 partem
1064 878 1108 942 ita
1128 875 1184 939 vult

171 982 300 1069 corrigi,
323 986 353 1046 δι’
369 988 457 1047 αὐτῶν
474 988 520 1047 τὸν
541 985 629 1061 κότον,
651 999 704 1070 per
722 983 798 1044 iram
818 982 949 1058 deorum,
965 980 1023 1044 ubi
1038 1001 1095 1046 noa
1107 976 1182 1042 dedi-

170 1107 243 1148 mus
257 1086 296 1146 -h’
316 1087 396 1148 αὑτὸν
416 1084 507 1162 oleru·
532 1108 618 1163 narn,
639 1084 755 1168 inquit,
778 1085 809 1146 δι’
824 1085 904 1145 αὑτὸν
925 1080 1119 1145 contrarium
1135 1077 1181 1143 effe

170 1186 333 1251 sententia
361 1185 457 1272 hujus
485 1186 559 1265 loci,
588 1207 685 1271 quum
717 1183 943 1270 superstitiosus
971 1183 1073 1246 semet
1098 1181 1179 1267 ipsum

169 1309 343 1372 numquam
366 1286 497 1364 incuset,
511 1301 544 1350 et
557 1299 594 1350 ut
609 1286 672 1373 ipse
691 1284 796 1348 scribit
816 1282 1019 1362 Plutarchus,
1035 1281 1091 1346 οὔθ’
1104 1282 1181 1344 lauh

168 1390 247 1450 ἀλλὰ
260 1388 367 1450 πάντων
386 1388 431 1450 τὸν
450 1390 511 1450 θεὸν
528 1392 661 1463 uiritim,
677 1406 869 1470 omnemque
884 1383 1051 1447 infortunii
1068 1382 1111 1446 sui
1124 1380 1180 1445 cul·

168 1510 243 1575 pam
265 1489 297 1552 in
321 1488 397 1551 deos
419 1487 578 1573 conjiciat.
611 1485 749 1563 Deinde,
764 1484 882 1568 φέρεθα]
895 1490 984 1570 ῥεῦμα
998 1485 1137 1566 δαιμόνιοι,
1148 1503 1179 1545 tx

168 1588 464 1676 AEschyliquadam
480 1588 633 1673 tragoedia
646 1586 826 1650 desumtum
841 1584 960 1649 censet.
987 1584 1112 1648 Vellem
1122 1603 1180 1647 reu

168 1691 244 1758 esset
259 1691 338 1754 ratio
352 1688 466 1773 optimi
479 1688 555 1767 viri3
578 1688 623 1752 ita
638 1687 749 1751 lubens
763 1709 834 1750 eam
849 1685 1058 1772 agnoscerem
1073 1707 1109 1749 ac
1121 1685 1177 1749 lau·

167 1792 289 1856 darem.
319 1791 416 1855 Nunc
430 1812 499 1854 eam
516 1791 682 1855 confutare
698 1811 818 1876 cogor;
842 1788 927 1875 quod
942 1790 1069 1875 semper
1082 1787 1180 1852 invitor

167 1893 261 1972 facio,
278 1914 353 1956 curn
367 1913 444 1977 erga
457 1892 536 1955 alios
549 1914 672 1970 omnes,
690 1906 758 1954 tum
774 1890 806 1954 in
822 1889 932 1976 primis
954 1911 1034 1976 erga
1050 1889 1178 1955 homines

166 1995 230 2059 mei
243 2007 399 2058 amantes.
436 1995 477 2056 Et
494 1993 632 2078 primum
648 1992 775 2078 quidem
799 2013 858 2056 nec
875 2013 994 2055 nomen
1011 1992 1090 2066 κότος
1104 1992 1178 2056 Plut-

165 2095 262 2158 archo
276 2096 480 2178 usurpatum:
503 2107 536 2156 et
550 2092 735 2178 compofitio
751 2090 927 2176 postulabat
941 2093 986 2153 hd
1001 2090 1080 2155 nicer
1093 2094 1178 2166 aaa,

165 2195 211 2258 vel
229 2197 259 2257 δι’
275 2198 363 2256 αὐτῶν
375 2197 421 2255 τὸν
435 2193 533 2271 adron
557 2215 620 2255 non
636 2195 656 2255 δ
673 2197 761 2255 αὐτῶν
775 2192 863 2268 κότον,
879 2190 966 2276 quod
981 2214 1046 2256 non
1064 2193 1115 2256 nifi
1128 2213 1177 2278 po·

165 2296 223 2359 etis
247 2293 332 2356 licet.
370 2293 494 2355 Deinde
518 2293 737 2379 distinguenda
763 2293 865 2357 caulla
888 2293 1027 2358 efficiens
1050 2319 1069 2360 a
1091 2291 1177 2360 eutr

163 2409 329 2459 movente:
355 2394 577 2480 superstitiosus
600 2395 655 2457 οὔθ’
671 2398 765 2458 ἑαυτὸν
780 2402 914 2473 alcidem,
929 2419 988 2458 non
998 2397 1126 2484 seipsum
1137 2396 1175 2457 ia·

163 2498 253 2582 uasat,
269 2493 300 2558 id
316 2494 370 2573 est,
387 2518 444 2556 non
459 2495 489 2556 in
502 2496 538 2581 sc
560 2496 651 2581 ipsum
667 2495 777 2579 corffert
792 2496 920 2580 caussam
935 2495 1116 2580 efficientem,
1135 2491 1176 2560 sed
1220 2502 1222 2563 i

163 2600 195 2662 in
218 2600 324 2662 Deos:
351 2596 442 2673 dicit,
466 2597 495 2659 se
514 2618 533 2658 a
552 2596 613 2659 diis
636 2595 752 2680 puniri,
776 2596 871 2681 idque
894 2596 1022 2675 merito,
1039 2594 1175 2682 quiaipie

163 2700 199 2763 fit
221 2699 281 2763 diis
298 2697 421 2772 exosUS,
441 2701 581 2778 θεομισὴς,
607 2697 705 2782 igitur
730 2696 834 2781 puniri
857 2699 887 2757 δι’
910 2700 1004 2776 αὑτὸν,
1025 2710 1138 2784 propter
1145 2696 1174 2782 se

163 2801 277 2886 ipsum:
299 2798 464 2885 diligentia
486 2820 522 2862 ac
545 2798 718 2884 proprietas
740 2796 890 2860 orationis
914 2796 985 2860 haec
1003 2796 1172 2884 distinguit:

162 2903 213 2964 ὑπό
232 2928 313 2978 τινος,
336 2901 374 2963 ab
397 2902 508 2988 oliqrw,
531 2903 573 2965 est
596 2900 706 2965 cauiiae
724 2898 907 2963 efficientis:
932 2882 1064 2978 {mm
1083 2897 1173 2985 σαψ

160 3002 346 3064 materialis:
369 3002 412 3063 aa
436 3027 515 3080 τινος,
539 3027 594 3064 cau
618 3027 646 3063 ae
665 3017 718 3087 per
741 3001 824 3086 quid,
844 2998 941 3085 vulgo
964 2999 1060 3065 dittae
1079 2999 1171 3086 hstra-

160 3100 314 3164 mcrrtalis:
337 3101 381 3162 διά
395 3126 434 3179 τι,
454 3112 572 3186 propter
585 3100 669 3185 quid,
686 3099 796 3162 cauffae
811 3104 931 3176 τελικῆς,
943 3099 1070 3184 finalis,
1094 3122 1172 3164 men·

161 3219 225 3266 teni
242 3201 282 3264 ad
302 3200 462 3286 agendum
478 3199 644 3264 moventis.
680 3202 704 3261 F
704 3199 729 3261 it
747 3215 852 3262 tamen
869 3199 1012 3279 subinde,
1028 3217 1066 3266 ut
1081 3198 1173 3287 cujus·

161 3325 222 3387 que
243 3300 388 3364 formulae
411 3300 545 3385 principi
563 3321 599 3362 ac
619 3299 770 3384 peculiari
785 3300 1016 3386 fignificationi,
1033 3301 1119 3367 simul
1133 3323 1174 3365 re·

159 3403 315 3487 liquarum
338 3398 521 3484 significatio
543 3398 750 3461 formularum
774 3398 926 3463 addatur:
953 3402 1042 3486 quod
1064 3401 1174 3467 notari·

159 3501 279 3567 musio
299 3498 361 3562 hoc
381 3499 446 3584 ipso
469 3497 513 3560 aa
530 3523 556 3560 rr
582 3520 613 3583 p.
631 3516 683 3583 97.
705 3501 745 3563 C.
784 3499 887 3585 lgitur
900 3500 932 3563 in
948 3501 1011 3565 hoc
1027 3502 1176 3569 Plutarchi

157 3606 230 3670 loco
245 3604 275 3665 δι’
287 3602 379 3674 αὑτὸν,
395 3599 437 3661 est
448 3610 568 3685 propter
579 3600 616 3682 se
629 3600 731 3684 isslicm,
747 3601 822 3685 quia
835 3601 871 3663 sit
885 3606 1028 3683 θεομισὴς,
1043 3605 1103 3668 diis
1116 3628 1177 3668 exo·

147 3710 227 3793 jum
251 3725 323 3768 nam
339 3699 416 3763 dicit
432 3699 461 3762 se
483 3714 613 3784 propter
635 3715 765 3785 peccata
785 3700 930 3786 quaedam
952 3728 971 3765 a
992 3705 1052 3768 diis
1072 3706 1178 3792 puniri,

157 3811 205 3871 iri
226 3814 279 3869 τῶν
300 3809 368 3866 θεῶν
390 3800 559 3880 nunditiam,
582 3803 612 3863 δι’
629 3805 721 3877 αὑτὸν,
742 3816 858 3888 propter
867 3805 905 3889 se
919 3805 1013 3890 ipsum
1027 3810 1100 3894 quia
1115 3825 1179 3898 pec·

155 3909 262 3992 cuffet:
283 3905 328 3968 ita
342 3907 385 3965 διὰ
399 3922 474 3964 cum
492 3902 681 3965 Accusativo
696 3903 848 3989 fignificat
858 3905 921 3991 sua
936 3906 1037 3994 mlpa,
1049 3912 1110 3995 stro
1125 3935 1181 3975 m·

155 4009 223 4083 rito,
238 4005 323 4093 apud
339 4001 542 4069 Plutarchum
561 4002 646 4087 Opp.
662 4004 750 4068 Mor.
771 4024 802 4088 p.
816 4006 869 4089 69.
884 4007 928 4069 D.
956 4026 1029 4090 114.
1045 4012 1087 4075 C.
1114 4016 1183 4078 160.

155 4108 196 4169 C.
222 4108 293 4189 178.
311 4109 348 4173 E.
374 4121 445 4186 179.
458 4103 500 4164 A.
537 4103 715 4166 Menander
728 4123 780 4188 ap.
797 4103 888 4168 Stob.
908 4128 940 4191 p.
953 4126 1029 4191 527.
1046 4109 1080 4174 in
1095 4113 1184 4180 fimili

153 4221 356 4293 argumento,
372 4204 490 4269 docena
504 4200 648 4269 homines
668 4206 722 4268 sua
740 4205 835 4289 culpa
855 4207 982 4273 miseros
1000 4211 1075 4292 etse,
1091 4216 1185 4281 bruta
