2700 4928
245 332 782 396 sEPrEMSAPIENT.coNV1v.
800 353 829 413 p.
839 332 1048 395 isan-1⁵6.
1057 334 1094 394 Α.
1134 331 1191 409 961

153 492 222 562 loci
245 496 362 563 notitia
383 496 483 562 fretus
504 499 649 564 Erasmus
669 498 833 586 Adagium
848 492 969 562 effinxit
987 495 1192 563 Proverbium

155 619 277 663 novum
294 598 449 684 Batlgyclis
464 600 604 662 Poculum
619 621 653 686 p.
672 620 764 685 ¹9¹0·
781 599 867 686 quod
884 598 1104 663 condonamus
1118 597 1193 661 reli·

155 720 232 786 quie
244 700 301 764 viri
312 699 478 764 doetrinae.
502 700 613 764 Minus
622 700 870 765 condonandum
881 701 923 764 est
934 699 1067 778 Reilkio,
1076 720 1192 784 quam·

156 820 257 887 quam
280 816 315 865 et
333 802 386 888 ipfi
410 800 585 866 dottissimo
607 802 742 880 homini,
759 801 814 887 qui
836 801 905 866 haec
925 800 1090 886 apposuit:
1114 807 1137 839 “
1152 799 1194 865 de

159 909 183 944 “
198 903 361 991 Bathycle
377 903 523 967 statuario
545 920 701 968 memorat
717 902 881 967 Pausanias
901 922 960 988 235
977 927 986 980 ς
1010 901 1062 966 sed
1085 900 1125 966 de
1139 901 1191 988 ip·

156 1009 185 1045 “
201 1004 263 1068 fiua
286 1003 405 1090 poculo
427 1004 472 1067 nil
494 1004 640 1068 invenio:
668 1003 806 1090 quisquis
829 1003 882 1068 ille
904 1004 999 1068 luerit
1020 1003 1193 1089 Bathyclea

160 1104 307 1170 “nostro
323 1106 493 1170 Plutarcho
508 1105 622 1185 ditius,
642 1106 759 1169 Solone
779 1127 853 1169 eum
876 1105 1084 1170 recentiorem
1104 1104 1193 1169 fuisso

160 1215 185 1248 “
200 1207 310 1272 nullus
329 1206 463 1273 dubito:
487 1230 584 1294 quare
606 1208 702 1272 etiam
724 1208 783 1271 hac
807 1208 838 1271 in
860 1230 893 1271 re
914 1207 1090 1294 incongrua
1107 1221 1193 1271 tem·

162 1315 187 1350 “
202 1331 318 1396 porum
335 1309 509 1373 rationibus
528 1309 629 1387 linxit,
644 1308 770 1373 Solonis
784 1307 920 1394 aequales
935 1308 1054 1372 faciens
1068 1329 1117 1372 res
1132 1331 1192 1373 no·

162 1411 324 1474 “minare
342 1409 451 1474 multia
468 1410 615 1474 aetatibus
638 1411 704 1494 poll
727 1409 857 1473 demum
877 1409 1054 1474 inventaa.''
1090 1412 1138 1474 En
1159 1422 1194 1476 et

162 1510 390 1598 ignorantiam,
405 1533 479 1575 cum
495 1511 562 1596 pari
578 1509 829 1596 reprehendendi
844 1507 986 1575 libidine.
1018 1510 1194 1576 Istiusmodi

163 1613 268 1677 multa
289 1628 473 1698 poteramus
496 1635 534 1676 ex
558 1612 670 1677 Reilkii
691 1611 1022 1677 Animadverfionibus
1043 1611 1193 1692 excitare,

164 1734 237 1799 quae
259 1713 459 1778 maluimus
451 1737 483 1776 m
502 1713 659 1777 obliuione
680 1713 869 1799 relinquere.
907 1713 974 1777 Illis
992 1711 1123 1777 minime
1141 1711 1193 1800 ig·

165 1814 374 1892 noscendum,
389 1815 444 1900 qui
468 1815 497 1878 se
520 1816 706 1880 Graecorum
723 1813 908 1898 scriptorum
929 1812 1065 1878 editores
1087 1814 1194 1879 feren·

167 1931 228 1996 tea,
245 1916 408 1981 Reilkiana
422 1916 530 1980 omnia
545 1915 721 2002 promilcue
736 1929 906 2001 reponunt.

211 2031 285 2103 155.
305 2020 338 2081 F.
355 2017 455 2105 Ἔργα
470 2019 592 2080 liliano
579 2016 756 2104 ογενοῦς-]
783 2015 872 2078 Cttat
888 2014 1101 2079 Plutarchus
1092 2038 1126 2080 tn
1144 2015 1194 2080 A·

165 2119 305 2184 matorio
327 2141 359 2204 p.
375 2137 447 2203 751.
465 2121 509 2181 E:
534 2117 651 2182 Solone
670 2139 701 2201 p.
715 2118 767 2202 96.
782 2118 828 2180 E:
855 2116 1001 2179 Hermiae
1016 2117 1194 2181 Commen-

165 2237 227 2286 tar.
256 2221 367 2285 MS!
359 2244 391 2284 m
418 2219 557 2284 Platonis
587 2218 766 2298 Phaedrum,
796 2218 912 2282 citatus
939 2217 1133 2283 Ruhnkenio
1154 2218 1196 2284 ad

166 2320 405 2386 Callimachum
422 2344 453 2406 p
446 2339 541 2400 ,421

210 2439 286 2508 155
302 2426 335 2487 F.
357 2423 427 2486 Ἐάν
440 2449 481 2496 τις
495 2426 568 2486 ὁτνέν
581 2450 616 2505 μ.
606 2422 688 2487 dileat
702 2421 867 2548 ἁμάμτῃ-]
892 2424 1055 2488 Memorat
1070 2422 1196 2510 aliquo·

162 2523 226 2589 ties
240 2521 444 2588 Aristoteles:
470 2523 605 2608 Republ.
624 2524 668 2587 ll.
683 2542 740 2588 12,
764 2549 870 2608 εγενετο
883 2524 944 2608 δον,
961 2524 1030 2585 Πντ
1030 2550 1096 2598 ακος
1111 2525 1196 2606 νόμον

164 2626 358 2710 δημννμγός,’
343 2627 409 2687 αλλ
423 2629 452 2687 οὐ
466 2623 614 2697 πολιτείας·
638 2625 714 2706 νόμος
728 2626 749 2685 δ’
763 2622 873 2698 ἷδνος’
840 2632 934 2701 αυτοῦ,
955 2650 986 2687 το
1004 2651 1065 2699 τους
1077 2628 1195 2705 μεθύον·

166 2751 229 2803 τας,
245 2723 281 2787 ἂν
295 2724 421 2801 ebuloni,
435 2722 528 2787 πλέον
544 2722 641 2805 ζημίαν
655 2723 786 2787 ἀποτίνειν
800 2731 853 2785 τῶν
872 2723 1012 2802 νηφόντων·
1035 2726 1080 2785 διαὶ
1092 2729 1150 2810 γὰρ
1163 2727 1195 2788 νδ

168 2825 272 2899 πλέος
288 2822 401 2911 iggitur
413 2825 576 2906 μοθῦοντας,
591 2822 606 2900 l]
620 2825 758 2906 νήφοντας,
772 2828 802 2886 οὐ
815 2825 880 2910 πρὸς
893 2828 941 2902 τὴν
954 2824 1111 2907 συγῐνῶμην
1125 2826 1196 2888 alai·

170 2925 283 3006 ἕλεψεν,
303 2925 343 2989 ὅτι
361 2929 396 2990 δεῖ
413 2926 547 3009 μεθῦνονν
568 2925 640 3010 ἔχων
658 2932 780 3007 μᾶλλον,
803 2929 883 2988 ἀλλὰ
903 2927 976 3013 ωςός
995 2927 1027 2988 τὸ
1049 2925 1195 3012 συμφέρον·

172 3029 224 3093 ubi
237 3027 297 3094 viri
319 3024 406 3092 dotti
421 3049 480 3113 pro
493 3027 607 3090 atatam
629 3026 715 3090 haud
736 3041 855 3090 temere
869 3026 1036 3113 corrigunt
1052 3028 1195 3091 πῖαίσονον·

173 3127 200 3194 in
213 3128 380 3218 postremis
396 3151 460 3193 non
475 3148 555 3213 opus
570 3126 776 3205 οοτοοᾶἰοιιο,
793 3125 845 3190 sed
860 3147 916 3212 per
930 3127 1095 3215 enallagen
1111 3130 1197 3194 acci·

174 3229 338 3315 piendum,
352 3229 434 3316 quasi
450 3229 601 3314 scriptum
616 3229 690 3292 ellet
705 3227 744 3290 dtr
760 3230 799 3290 δεῖ
816 3232 863 3305 τὴν
881 3229 1038 3313 σογῐνῶμην
1063 3231 1199 3311 μεθύνσνν

174 3332 253 3418 ἔχων,
276 3354 335 3396 non
356 3331 496 3394 rationem
517 3329 623 3392 habirit
644 3329 754 3407 venite,
776 3353 865 3415 quom
882 3331 1014 3393 dandam
1034 3333 1088 3417 eſje
1102 3334 1199 3421 magis

174 3434 278 3498 ebriis.-
301 3434 460 3520 speetatur
474 3431 564 3495 simul
578 3429 665 3494 aliud
687 3431 800 3495 Pittaci
820 3430 916 3517 idque
936 3433 1042 3496 nobile
1063 3434 1196 3514 didam,

173 3535 313 3619 σογῐνῶμη
326 3533 459 3621 τιμωρίας
481 3531 623 3619 κρέσσον,
660 3530 779 3595 Eadem
802 3532 852 3595 lex
873 3548 1068 3597 memoratur
1089 3536 1196 3600 Ethic.

172 3633 364 3698 Nioomach.
392 3633 454 3696 Ill.
476 3647 518 3716 5:
553 3630 797 3715 reprehenditur
820 3631 982 3696 Rhetoric.
1007 3636 1050 3697 ll.
1066 3654 1118 3715 24.
1142 3636 1196 3700 fin.

171 3735 335 3822 Diogenes
349 3737 456 3798 Laert.
474 3735 501 3797 l.
514 3735 570 3817 76:
595 3732 677 3815 νὸμνς
691 3735 717 3795 δὲ
733 3731 812 3810 &aaa
825 3739 865 3817 τῷ
878 3735 1002 3815 paldonis,
1016 3739 1062 3799 ἐὰν
1075 3737 1198 3823 ἁμάρτῃ,

171 3838 265 3914 διπλῆν
286 3835 353 3916 οἴνας
365 3840 412 3913 τὴν
426 3834 534 3918 ζημίαν·
556 3834 601 3897 ἵνα
617 3839 655 3916 μὴ
678 3834 814 3916 μεθύωσι,
835 3843 940 3900 πολλοῦ
958 3842 1034 3900 κατὰ
1054 3842 1101 3914 τὴν
1122 3844 1201 3914 νῆοον

169 3936 226 4001 olea
241 3936 392 4021 yivoplroo·
417 3936 473 4000 ubi
488 3935 541 3999 nisi
557 3934 729 4021 legendum
749 3935 838 4018 νόμον,
858 3951 944 4000 certe
962 3938 1029 4024 post
1049 3936 1128 4015 ἔθηκε
1142 3961 1199 4003 ex-

169 4036 278 4101 cidiile
292 4036 473 4124 putandum
488 4041 514 4099 ἐν
528 4036 565 4110 οἷς
578 4034 626 4099 vel
641 4035 749 4100 ssmile.

216 4153 289 4222 155.
306 4138 448 4222 F-156.
465 4139 508 4200 A.
529 4135 633 4221 πέφνον
648 4141 706 4223 yde
721 4135 768 4216 nul
780 4138 888 4221 vorl-]
916 4138 998 4200 ltem
1013 4137 1106 4201 Harl.
1125 4159 1152 4203 1.
1169 4159 1200 4207 2.

165 4237 250 4305 dant
263 4242 351 4325 σαςὰ
364 4235 432 4303 alda
445 4238 470 4301 τ’
485 4239 604 4323 ἀδελφῷ·
628 4258 668 4300 an
684 4237 767 4301 forte
782 4237 947 4322 respicitur
966 4237 1006 4302 ad
1024 4239 1202 4307 convivium

217 4357 307 4405 vot..
324 4358 378 4404 vt.
676 4356 735 4421 30
