2700 4928
176 356 236 426 764
362 353 401 410 D.
415 351 466 412 W.
485 350 692 409 ANIMADV.
713 348 761 409 IN
780 348 1007 410 PLUTARCHI

177 517 228 580 olor
239 514 371 598 μίλαονοοο
385 518 490 590 iiiive,
510 513 556 589 aa)
574 517 737 594 συμπλοκὰς
748 521 860 600 χειρῶν,
874 513 895 599 νζ,
909 516 1037 587 ταπεινὰς
1050 512 1202 599 wilpa?

176 622 211 692 οἷς
234 619 283 680 ὑπὸ
304 616 410 679 πάντων
433 617 633 700 ἀναγκάζεσθαι
656 615 753 702 τρόπον
775 620 836 678 τινὰ
857 619 905 692 τὴν
927 614 1045 679 διάνοιαν
1065 615 1200 697 perditore

39 758 48 773 .
175 719 319 802 ὶφίςοιθαο
332 724 378 793 τῆς
392 717 488 796 λύπης,
504 721 568 781 ἀλλ’
584 719 624 780 ἀεὶ
638 716 804 798 μνημονεύειν
818 715 864 795 καὶ
878 722 1024 796 horridas,
1040 722 1063 779 εἴ
1075 723 1115 799 μὴ
1127 720 1199 782 τάν-

174 848 227 895 τοος
243 823 286 882 ἀεὶ
301 818 433 901 paladini
445 846 506 882 τινα
520 821 611 884 αἰτίαν
623 829 671 883 τοῦ
691 820 803 897 πάθος,
827 819 891 903 οὐχὶ
912 817 1017 903 σφόδρα
1031 818 1196 900 εὔηθες;-.

173 922 229 1009 qui
250 922 340 987 locus
358 920 476 986 mendo
493 923 535 986 est
552 921 682 986 effeetus
702 921 735 983 in
756 919 877 984 ultimis
894 919 1008 998 verbis,
1024 920 1131 1007 itaque
1146 946 1197 986 re·

54 1021 68 1035 “
174 1022 343 1110 fingendus
363 1023 465 1087 nostra
479 1022 608 1108 quidem
623 1021 780 1085 sententia
791 1024 981 1099 -λυπεῖθαο,
1000 1022 1023 1106 a}
1043 1024 1072 1099 δὴ
1092 1023 1197 1098 πάντως

172 1124 213 1190 eiii
228 1123 386 1207 pariaeeiioi
405 1151 467 1188 τινα
485 1125 576 1187 αἰτίαν
593 1151 622 1188 τ.
638 1151 670 1186 τ.
685 1122 783 1188 Verbi
796 1122 959 1206 λογίζεσὸαν
973 1144 1048 1187 cum
1062 1145 1197 1212 compo·

173 1226 236 1291 sitis
251 1227 457 1310 ἐπιλογίζεοθο,
471 1225 599 1311 aliisque
620 1222 814 1308 comparatio
836 1222 1004 1287 adhibetur
1024 1222 1057 1289 in
1080 1225 1196 1314 fignifi-

99 1382 103 1393 .
171 1327 274 1393 canda
293 1326 497 1414 gradatione:
522 1351 550 1389 v.
565 1350 594 1391 c.
632 1325 723 1389 Philo
741 1323 816 1389 Jud.
832 1326 910 1409 Leg.
926 1324 1071 1412 Allegor.
1095 1348 1128 1413 p.
1145 1346 1197 1414 79.

171 1432 216 1497 D.
251 1432 414 1497 Caeterum
437 1429 592 1517 proverbii
612 1430 675 1492 vim
697 1428 805 1505 habet,
829 1427 877 1490 Ne
891 1428 961 1491 deus
975 1428 1092 1514 quidem
1104 1432 1197 1515 fafle

173 1532 283 1618 infedla
297 1533 415 1596 reddere
435 1529 523 1618 potest
532 1557 542 1594 .·
565 1531 682 1616 dequo
697 1529 817 1592 notavit
831 1530 861 1592 J.
879 1527 1064 1593 Hardninus
1079 1530 1120 1594 ad
1135 1532 1197 1595 Pli-

174 1633 263 1697 nium
282 1634 362 1698 Hist.
378 1635 456 1697 Nat.
473 1633 517 1696 ll.
529 1653 561 1718 3.
597 1634 627 1696 J.
643 1629 759 1695 Daniel
778 1629 961 1714 Lennepiua
982 1627 1023 1692 ad
1042 1627 1196 1694 Phalarid.

172 1734 267 1820 Epist.
290 1758 321 1822 p.
338 1755 391 1820 30.
413 1733 467 1821 qni
490 1757 528 1798 ex
542 1733 624 1797 varia
640 1731 776 1796 leelione
791 1732 829 1793 T.
844 1752 938 1814 qnam
956 1727 1055 1793 etiam
1078 1729 1196 1795 habent

171 1839 216 1900 A.
226 1837 268 1900 E.
282 1837 369 1901 Vols.
384 1838 501 1900 Venet.
519 1835 585 1899 Pol.
601 1856 657 1920 pro
673 1845 776 1895 vetere
791 1830 919 1916 vulgata
931 1836 1000 1893 θεῶν
1011 1830 1193 1896 exhibentes

172 1939 212 1999 ἅδ’
231 1937 333 2024 ἐκείνῳ,
349 1937 473 2004 volebat
491 1936 641 2024 effingere
655 1935 711 1997 οὐδὲ
725 1938 793 1996 θεῶν
807 1933 906 1994 adierit
930 1954 996 2017 quo
1013 1954 1114 2003 nuno.
1130 1934 1191 2019 post

170 2040 337 2105 certiorem
357 2040 584 2105 corredlionem
607 2038 741 2101 nostram
761 2039 827 2118 θεῷ,
850 2031 894 2096 nil
916 2056 1009 2120 opus.
1046 2034 1190 2121 Ejusdem

170 2140 333 2205 sententiae
355 2141 499 2226 exempla
521 2139 657 2204 contulit
678 2137 827 2222 egregins
850 2136 896 2198 vir
924 2136 969 2198 H.
992 2136 1141 2202 Eldikins
1162 2139 1189 2201 in

169 2241 391 2324 Suspicionnm
403 2239 582 2324 Specimine
596 2260 627 2322 p.
641 2256 672 2298 a.
696 2238 732 2298 ln
744 2234 880 2320 Adagiis
894 2236 1040 2300 Erasmus
1055 2259 1088 2323 p.
1103 2239 1187 2324 1358.

168 2352 203 2402 et
217 2340 385 2424 Cognatns
400 2359 432 2422 p.
446 2354 519 2420 725.

212 2455 284 2520 115.
298 2439 341 2501 A.
365 2437 453 2513 Πλεὶη
464 2439 515 2518 μὲν
528 2443 600 2521 γαῖα
614 2438 761 2521 κακῶν-]
792 2437 1020 2526 1-ΙοῆοὰἰἜςγ.
1033 2460 1088 2527 94.
1104 2443 1190 2527 supra

167 2537 302 2602 citatum
318 2561 351 2625 p.
366 2556 436 2623 105.
452 2541 496 2603 D.

211 2654 282 2725 115.
298 2642 340 2705 Α.
362 2643 459 2704 Τοιάδε
480 2645 637 2727 θνητῶν-]
664 2641 800 2706 Videtur
815 2642 921 2730 Lyrici
934 2643 1101 2729 cujusdam
1117 2648 1191 2712 elle:

166 2740 246 2806 mihi
262 2742 391 2829 quidem
406 2742 481 2807 alibi
497 2766 560 2807 non
574 2745 787 2809 obsenntum:
813 2766 871 2807 nec
885 2745 1011 2830 Toupio
1025 2749 1194 2814 eruditiffi‘

164 2866 220 2906 nio
241 2843 306 2907 viro
326 2842 358 2906 id
380 2842 492 2909 citanti
513 2844 546 2908 in
572 2845 650 2910 Cnr.
674 2848 757 2909 Nov.
781 2845 812 2908 in
836 2844 967 2929 Snidam
988 2868 1021 2933 p.
1039 2851 1094 2936 69.
1114 2851 1196 2917 edit.

163 2945 327 3030 postremae
348 2947 386 3008 T.
404 2947 466 3008 Ill.
490 2968 523 3033 p.
543 2967 614 3013 102.
629 2945 668 3010 ad
689 2947 820 3032 gloffam
841 2949 929 3009 Κακοὶ
943 2958 1048 3028 κακῶν,
1064 2973 1137 3037 quae
1152 2955 1197 3018 est

161 3045 308 3109 solemnis
331 3047 487 3112 formulae.
525 3049 635 3113 Simile
654 3049 696 3112 est
718 3048 889 3112 Simonidis
911 3071 963 3134 ap.
985 3053 1078 3116 Stob.
1094 3055 1192 3120 Gesn.

162 3167 195 3231 p.
210 3156 285 3234 529.
309 3150 402 3214 Grot.
418 3173 451 3236 p.
465 3171 540 3232 401.
580 3150 694 3215 Ultimi
716 3151 818 3214 versus
841 3152 881 3214 sio
896 3150 1041 3238 intelligo
1064 3155 1192 3220 senten·

162 3248 258 3313 tiam:
283 3251 354 3314 odeo
363 3255 441 3340 sunt
454 3256 551 3317 omnia
567 3253 677 3340 repleta
693 3253 791 3332 malis,
809 3265 843 3316 ret
856 3279 892 3316 ne
908 3255 1060 3318 tantillum
1076 3259 1193 3344 quidem

150 3349 248 3436 spatii
267 3351 453 3439 relinqeretur
467 3355 582 3434 etheri,
599 3354 651 3418 ubi
662 3359 699 3441 se
714 3356 790 3419 inter
802 3381 836 3419 ca
853 3357 970 3420 induat.

206 3464 277 3535 115.
292 3454 330 3517 Β.
354 3459 477 3529 Πολλοῖς
497 3459 555 3540 peip
580 3454 626 3534 aa}
645 3462 735 3545 σοφοῖς
751 3457 1053 3543 &alpinae-pepini]
1084 3463 1152 3551 Qui
1172 3486 1192 3528 a

161 3556 317 3620 Crantore
340 3558 554 3645 fignificantur
576 3561 730 3646 sapientes
753 3562 821 3642 viri,
838 3562 891 3648 qni
912 3562 994 3628 hanc
1013 3565 1112 3632 vitam
1133 3568 1190 3634 de·

159 3657 331 3745 plorantes,
348 3682 419 3723 eam
439 3662 583 3748 supplicii
597 3685 634 3726 ac
657 3684 760 3747 pcenae
776 3665 870 3728 inllar
882 3665 942 3729 else
956 3670 1189 3752 pronunciare-

158 3759 233 3836 rint‚
256 3760 328 3824 sunt
347 3761 480 3825 omnino
499 3762 552 3847 qni
574 3776 648 3826 ante
669 3764 770 3850 ipsum
794 3764 1034 3830 Consolationes
1056 3770 1189 3857 scripse·

159 3876 234 3926 runt
256 3861 360 3941 multi,
376 3884 456 3947 qnos
479 3862 722 3928 memoravimus
742 3865 833 3930 initio
854 3888 888 3952 p.
907 3886 977 3930 101.
990 3868 1036 3930 E:
1060 3871 1112 3935 vel
1126 3874 1189 3937 Or-

156 3963 257 4048 phici,
272 3964 320 4028 rel
343 3963 548 4051 Pythagorici
568 3987 605 4028 ac
622 3966 787 4044 Platonici,
804 3969 843 4031 de
858 3969 974 4054 quibus
987 3971 1191 4056 prodidimus

156 4063 187 4126 in
202 4066 427 4152 Disputatione
439 4065 479 4130 de
495 4067 613 4131 Placito
628 4069 883 4133 Immortalitntis
895 4070 1089 4137 Animorum
1101 4078 1188 4144 See.

155 4165 201 4226 11.
218 4180 252 4229 et
265 4170 308 4231 V.
345 4168 451 4256 Hujus
465 4167 527 4232 loci
549 4168 736 4233 sententiam
752 4170 862 4256 attigit
877 4173 916 4236 ad
931 4173 1060 4239 similem
1075 4176 1189 4246 locum

155 4264 328 4333 Phalaridis
349 4269 531 4357 Lennepius
557 4290 590 4355 p.
607 4288 687 4355 234:
716 4270 831 4334 iterum
854 4294 886 4359 p.
912 4289 984 4359 252.
1010 4277 1068 4343 ubi
1092 4294 1187 4348 notat

606 4586 694 4616 A—
