2700 4928
308 373 750 455 eruamurscourcn.
771 390 1059 471 poros-nra,
1124 399 1197 466 1171

156 554 263 620 tuerit
285 578 368 637 vcra,
389 571 476 623 certe
495 571 597 639 vetus,
623 559 805 639 δεικηλίκτας·
829 580 894 646 qua
911 557 950 623 de
965 578 1042 622 voce
1059 555 1198 623 disdmus

158 680 195 746 p.
214 678 288 724 212.
304 663 337 724 F.

206 780 281 825 220.
301 763 334 825 F.
359 761 412 848 ξ’.]
443 765 559 851 Neque
581 764 678 851 hujus
701 760 998 850 Apophthcgrnatis
1020 760 1101 826 ratio
1122 761 1196 827 satis

157 876 318 948 apparet:
357 862 386 941 ἢν
413 867 493 939 οὐδεὶς
520 868 608 952 ἔςερξε
636 865 777 950 γενόμειύς
802 863 931 943 βελτίων,
959 861 1195 949 accipiendum,

156 986 251 1051 quarn
273 988 365 1044 nemo,
381 967 478 1052 quiin
493 992 527 1030 ea
542 968 640 1030 melior
649 967 758 1053 factus
772 966 819 1051 est,
836 966 879 1029 ita
895 964 999 1051 diligit
1018 976 1051 1026 nt
1070 988 1105 1026 ea
1126 988 1195 1027 con·

157 1078 259 1129 tentus
271 1067 329 1151 fit,
345 1068 375 1129 in
389 1093 481 1155 caque
494 1093 611 1133 manere
631 1070 717 1132 uelit.
745 1069 813 1133 (aui
827 1090 900 1131 vero
916 1068 987 1130 suut
1003 1066 1050 1145 hi,
1065 1067 1198 1131 meliores

145 1165 250 1252 sacti,
266 1182 375 1230 utrum
395 1168 478 1232 cives
494 1192 533 1232 au
550 1168 731 1255 peregrini?
757 1170 808 1232 De
832 1167 972 1253 utrisque
987 1167 1062 1230 i'allo
1077 1166 1198 1232 dicitur

156 1291 268 1332 nemo:
294 1269 390 1333 multi
411 1272 496 1333 euim
518 1271 664 1334 meliores
680 1270 754 1334 tacu
768 1269 812 1333 ibi
825 1274 1020 1333 manterunt.
1052 1270 1139 1356 Ergo
1155 1268 1208 1333 de'

151 1372 264 1459 paneis
286 1371 378 1436 claris
404 1372 523 1436 civibus
549 1375 734 1458 usurpaturo
757 1371 891 1449 dicium,
915 1370 960 1433 ita
980 1385 1131 1456 augetur,
1157 1384 1197 1437 ut

157 1472 203 1537 ad
219 1497 314 1537 onnes
329 1476 492 1539 referatur.
527 1478 577 1539 En
591 1492 698 1538 autem
718 1473 797 1536 iilud
812 1472 852 1535 de
868 1472 962 1536 claris
977 1471 1047 1534 viris
1063 1472 1195 1559 usurpa·

158 1587 249 1654 tum,
265 1575 352 1661 quod
373 1578 602 1662 Theopompus
626 1574 776 1662 prodidit,
800 1574 936 1660 indeque
960 1573 1071 1637 retulit
1094 1575 1196 1641 Corn.
1287 1559 1295 1575 ’

157 1678 277 1765 Nepos
291 1680 323 1742 in
340 1679 478 1743 Chabria
493 1680 555 1743 111.
570 1699 610 1763 3:
636 1678 691 1765 Lst
711 1679 786 1740 enim
808 1679 859 1741 hoc
874 1700 1019 1741 conrnune
1035 1677 1143 1740 vitiam
1163 1680 1200 1742 irs

156 1780 283 1867 magnis
303 1780 459 1869 liberisque
474 1780 657 1858 civitatibus,
674 1793 707 1843 at
721 1779 840 1842 invidia
859 1779 968 1866 gloria·
983 1803 1069 1841 rantes
1080 1780 1144 1864 sit:
1168 1791 1197 1843 et

158 1883 288 1947 libenter
301 1884 338 1946 de
351 1886 397 1946 bis
412 1885 592 1963 detrahant‚'
604 1909 674 1970 quos
693 1884 818 1946 enitare
831 1884 955 1946 videant
972 1881 1080 1945 altius:
1105 1907 1198 1970 neque

156 1984 262 2049 animo
282 2009 368 2073 aequo
392 2001 537 2073 pauperes
563 1986 691 2048 alienam
715 1984 890 2072 opulentiam
913 1984 1070 2047 intuamur
1084 1984 1195 2070 fortu-

158 2110 246 2151 nam.
279 2085 383 2173 ltaque
411 2087 569 2166 Chabrias,
596 2086 695 2173 quoad
715 2087 741 2148 ei
761 2085 878 2163 licebat,
899 2082 1058 2171 plurimum
1080 2085 1198 2150 aberat.

158 2189 269 2276 Neque
289 2212 359 2252 vero
369 2188 455 2277 stslus
470 2188 522 2252 ille
536 2190 641 2252 aberat
656 2190 782 2252 Athenis
796 2188 933 2265 libenter,
946 2188 1007 2274 scd
1019 2212 1114 2252 omnes
1123 2188 1198 2276 fere

156 2290 308 2381 principes
316 2290 458 2378 fecerunt
472 2292 569 2369 idern3
592 2292 672 2378 qnod
684 2302 799 2354 tantum
809 2292 847 2377 se
860 2290 899 2353 ab
914 2290 1032 2353 invidia
1049 2294 1199 2376 putabant

150 2394 291 2483 saturos,
308 2406 452 2482 quantum
472 2420 491 2456 a
513 2396 658 2483 conspeetu
669 2396 793 2481 sitorum
807 2391 982 2479 receffiffent.
1013 2392 1117 2479 Itaque
1140 2394 1197 2457 Co·

160 2521 222 2561 non
244 2498 405 2581 plurimum
422 2497 509 2583 Cypri
531 2498 620 2574 vixit,
641 2497 803 2583 Iphicrates
821 2495 853 2558 in
872 2495 1015 2575 Thracia,
1032 2496 1198 2559 Timotheus

160 2598 263 2687 Lesbi,
282 2601 393 2664 Chares
409 2601 441 2663 in
457 2601 725 2689 Sigea—Locum
745 2600 948 2687 Iireopompi
962 2601 1054 2666 uobis
1069 2601 1199 2666 sonavit

161 2703 347 2769 Athenaeus
363 2703 440 2766 XII.
465 2724 497 2788 p.
513 2723 589 2788 532.

211 2823 285 2871 220.
298 2807 334 2869 F.
357 2803 407 2890 η’.]
434 2804 525 2869 Harl.
544 2803 669 2891 plenius
688 2803 755 2883 dat,
771 2805 855 2868 Ἀλλ’
871 2807 914 2890 ἐχ
934 2808 1007 2885 ὑμεῖς
1023 2829 1071 2887 γε,
1095 2802 1197 2883 ἔφη-.

164 2910 340 2994 Spartanos
354 2922 443 2970 extra
457 2908 590 2993 patriam
608 2907 695 2971 reddi
711 2906 894 2984 deteriores,
911 2903 1099 2992 pervulgato
1114 2905 1198 2971 sere·

162 3009 262 3081 batur
283 3009 448 3093 proverbio
470 3006 552 3071 Oinoe
574 3008 681 3085 λέονῖες,
703 3013 730 3071 ἐν
751 3007 909 3094 hnainapb'
924 3005 1075 3080 ἀλώπεκες·
1101 3021 1138 3071 ut
1150 3007 1199 3072 ie-

164 3110 256 3197 gitur
270 3110 302 3173 in
320 3109 480 3174 Plutarchi
504 3111 657 3197 Compar.
680 3107 834 3197 Lysandri
849 3122 881 3172 et
896 3108 991 3195 Syliae
1010 3130 1042 3194 p.
1056 3112 1133 3193 476.
1148 3111 1197 3176 E:

164 3212 241 3277 alibi
262 3215 288 3275 Is
304 3214 417 3296 Ἐφέσῳ
434 3214 454 3275 δ’
469 3212 619 3287 ἀλώπεκες·
644 3227 682 3277 ut
704 3210 814 3277 Schol.
835 3211 996 3296 Aristoph.
1015 3213 1087 3275 Pac.
1105 3214 1199 3279 1188.

164 3314 334 3403 Epidietus
349 3314 428 3378 Diss'.
446 3317 503 3378 IV.
519 3332 552 3398 5.
576 3336 609 3400 p.
625 3315 700 3379 608.
716 3315 771 3379 ubi
787 3313 929 3377 videatur
947 3315 1108 3399 Uptonus.

209 3438 243 3504 p.
256 3434 331 3483 221.
343 3418 386 3481 A.
410 3416 465 3501 ost]
491 3417 661 3481 Thebanos
675 3416 829 3494 exclusos,
846 3415 908 3480 hoc
924 3438 989 3479 uno
1004 3416 1076 3515 lqco
1090 3415 1201 3502 prodi·

165 3532 242 3599 tur,·
257 3534 392 3583 notante
412 3519 624 3605 Wetsclingio
644 3519 686 3583 ad
704 3518 838 3583 Diodor.
862 3518 927 3583 Sic.
943 3520 1069 3581 XVIH.
1088 3520 1127 3583 8:
1151 3542 1202 3587 res

167 3632 279 3686 tamen
304 3642 361 3706 pcr
385 3619 500 3706 seipsa
523 3620 732 3707 intelligitur3
766 3618 917 3705 siquidem
942 3618 1061 3684 'IIrcbae
1087 3619 1202 3686 dirutae

160 3721 329 3812 jacebant,
346 3736 380 3787 et
394 3745 414 3786 a
429 3721 599 3786 Caffaudro
613 3722 745 3786 demum
761 3721 909 3785 restitutae
925 3721 1007 3784 suut.

210 3844 286 3891 221.
303 3824 345 3889 Α.
370 3822 413 3909 ι’.]
440 3825 478 3887 ln
493 3823 571 3887 Vita
586 3822 727 3912 Lycurgi
742 3845 776 3909 p.
789 3840 844 3909 53.
860 3824 968 3887 B-E.
1007 3823 1107 3908 Instit.
1124 3826 1201 3890 Lac.

169 3945 203 4012 p.
217 3927 293 4009 238.
308 3926 347 3988 B.
365 3923 419 3987 ubi
436 3922 538 4008 plura.

211 4044 287 4091 221.
300 4028 343 4088 Α.
363 4027 675 4087 EuPrKPATlaOt
686 4027 772 4086 ΤΟΥ
784 4024 1133 4108 ΑΝΑΞΑΝΔΡΙΔΟὊ]
1155 4025 1205 4089 Est

168 4124 222 4192 hic
243 4126 425 4209 Eun'crates
449 4126 494 4189 II.
520 4124 687 4190 Herodoto
703 4126 781 4191 VII.
799 4146 873 4207 204.
896 4124 1000 4190 ditius
1021 4125 1203 4211 Eurycrati·

170 4229 241 4293 des.-
266 4227 387 4315 dequo
403 4226 559 4291 Meursrus
576 4230 678 4313 Regu.
695 4227 814 4292 Laced.
828 4229 889 4292 XI.
904 4250 937 4314 p.
947 4240 1002 4312 55.
1028 4228 1219 4293 Larchcrus·

171 4329 331 4398 Chrouol.
355 4328 514 4396 Herodot.
529 4331 568 4396 T.
579 4331 657 4395 VII.
681 4350 715 4415 p.
731 4349 808 4415 50¹·
831 4329 965 4420 Olymp.
982 4331 1127 4395 XXXII.
1144 4350 1207 4396 2-

652 4448 741 4512 4¹²
