2700 4928
287 351 522 414 CONSOLAT.
535 353 593 411 AD
606 350 887 412 APOLIJONIUM.
907 351 1051 428 p.115.t3.
1110 345 1112 351 ’
1133 352 1189 422 765

156 517 248 604 ἆςχὴν
261 515 317 580 hic
333 515 442 580 valere
461 514 585 595 omnino,
606 527 639 579 et
655 537 713 601 pro
727 514 864 600 ἄνθρωπον
878 514 1052 600 legendum
1066 512 1127 578 effe
1139 514 1191 577 olv-

153 617 271 705 θςῶιφ·
295 617 338 681 de
353 640 422 703 quo
436 640 499 682 non
513 616 691 694 statuimua;
708 638 781 679 narn
798 629 923 701 poterat
936 630 971 680 et
984 616 1032 680 ita
1041 628 1076 679 et
1089 614 1191 679 altero

155 718 260 783 modo
273 718 361 783 recte
375 718 481 782 scribi.
511 718 655 783 Varietaa
670 716 800 803 quidem
815 717 857 780 est
872 717 903 780 in
917 716 1026 782 libris:
1050 715 1190 803 ἀνθρώπου
1304 759 1313 775 .

156 817 240 883 dant
254 817 343 885 voff.
360 817 433 882 Pol.·
443 820 572 884 Jannot.
590 819 649 883 T:¹
664 831 698 880 et
711 824 849 904 συμφορᾶς
863 823 910 894 τῆς
922 816 1050 902 μεγίςης,
1065 816 1104 880 Β.

204 933 281 1004 115.
293 921 334 984 B.
364 919 614 1004 ’Λριςοτέλης-ἔν
637 924 677 1003 τῷ
702 920 819 1004 Εὐδήμῳ
842 917 1103 1007 ἐπιγραφομένῳ]
1138 919 1191 984 De

156 1019 227 1086 hoc
249 1019 427 1087 Aristotelia
448 1019 589 1106 Dialogo
608 1018 763 1096 videatur,
776 1032 897 1105 praeter
915 1018 1092 1084 Fabricium
1106 1020 1189 1085 Bibl.

159 1123 223 1186 Gr.
244 1120 322 1185 Vol.
341 1121 386 1184 ΙΙ.
409 1141 445 1206 p.
463 1140 534 1205 190.
554 1119 654 1184 nostra
671 1118 892 1184 animadverfio
913 1119 946 1183 in
968 1119 1191 1207 Disputatione

159 1221 201 1287 de
222 1221 345 1286 Placito
367 1221 618 1286 Immortalitatis
641 1221 727 1286 Sect.
741 1221 800 1284 Vl.
823 1243 855 1306 p.
871 1223 924 1288 62.
944 1234 977 1286 et
998 1221 1030 1285 in
1053 1225 1191 1310 Epistola

164 1322 202 1387 ad
218 1322 399 1387 Heusdium
419 1343 528 1387 meum
547 1321 699 1408 praemissa
712 1321 808 1408 hujus
827 1322 999 1408 Specimini
1022 1324 1144 1391 Critico
1157 1325 1190 1390 in
1304 1355 1306 1357 ·

166 1425 330 1490 Platonem
345 1445 379 1509 p.
391 1424 446 1506 48.
469 1424 584 1509 Operae
603 1422 741 1510 pretium
756 1423 798 1487 est
812 1424 972 1489 observare
986 1426 1123 1490 formam
1137 1427 1188 1491 di-

166 1525 275 1593 &ionia
296 1523 507 1590 Aristotelicae
528 1524 562 1586 in
585 1523 646 1588 hoc
668 1523 818 1610 Dialogo,
840 1525 989 1611 gravitati
1008 1529 1190 1611 argumenti

168 1649 200 1692 ac
221 1625 370 1715 populari
391 1625 492 1690 sensui
512 1624 798 1704 accommodatam,
817 1626 910 1711 plane
925 1626 1074 1690 diversam
1089 1651 1109 1692 a
1121 1629 1189 1693 for-

167 1752 216 1794 na
227 1727 377 1794 dictionis
390 1726 545 1791 librorum
560 1727 756 1812 superstitum
770 1725 859 1790 tenui
873 1742 906 1790 et
919 1728 1053 1806 concisa,
1068 1727 1188 1794 redun-

170 1832 307 1911 dantem,
319 1827 489 1918 grandem,
503 1851 541 1894 ac
554 1849 646 1914 paene
659 1827 824 1914 tragicam.

210 1931 334 2015 115.B.
354 1931 400 1994 riv
412 1929 540 2006 Σειληνὸν
552 1927 748 2011 συλληφθέντα
760 1933 799 2012 τῷ
812 1927 947 2014 Milo-l
971 1929 1080 1994 Habet
1091 1932 1188 1999 etiam
1239 1919 1241 1922 ‚

176 2032 301 2110 Cicero,
319 2028 373 2117 qui
390 2051 430 2094 ex
449 2028 559 2092 iisdem
581 2027 797 2093 consolatoriis
817 2026 905 2091 libris
927 2025 1028 2091 haufit
1050 2031 1143 2096 Tusc.
1161 2035 1187 2098 l.

176 2151 232 2217 47:
262 2132 390 2197 Deorum
408 2129 616 2195 immortalium
627 2128 749 2216 judicia
759 2126 859 2214 solent
882 2128 913 2192 in
927 2127 1040 2215 scholis
1057 2133 1191 2220 prrfferre

176 2239 324 2304 omn.-
345 2259 398 2300 κισ
409 2259 481 2300 vero
495 2258 529 2297 ca
537 2233 661 2320 fingere
674 2233 801 2320 ipst,sbd
813 2232 959 2297 Herodoto
973 2243 1091 2299 auclore
1104 2236 1188 2323 aliis·

176 2363 222 2426 que
235 2336 375 2428 pluribus
385 2334 588 2421 r-Adfertur
612 2334 700 2398 etiam
722 2333 758 2395 de
777 2333 874 2397 Sileno
883 2332 1010 2420 fabella
1025 2338 1189 2422 quadam:

177 2442 217 2527 qui
236 2464 299 2505 mm
312 2464 333 2503 o
347 2438 444 2502 Mida
459 2446 561 2522 coptus
577 2434 653 2521 estet,
672 2436 723 2498 boc
739 2434 765 2497 ei
780 2435 906 2498 munais
923 2449 978 2522 pro
988 2437 1050 2521 fito
1065 2437 1190 2525 mfflone

122 2557 124 2565 ’
180 2542 271 2628 lcdrffi
280 2539 448 2629 scribitur.-
469 2536 589 2622 docuiffl
602 2560 699 2621 regem
710 2559 776 2599 ¹non
795 2536 875 2623 nasci
894 2537 1003 2600 bomini
1015 2538 1101 2625 longe
1113 2542 1190 2628 opti·

182 2667 244 2707 mam
263 2644 328 2731 effe,
348 2639 512 2728 proximum
533 2649 628 2700 autem
645 2661 733 2724 qnam
750 2638 879 2724 primum
898 2638 981 2702 mori.
1016 2641 1118 2704 Vetus
1139 2644 1188 2705 fa-

183 2745 243 2811 bula
266 2744 378 2810 multia
408 2753 593 2818 memorata,
621 2761 756 2825 quorum
784 2738 965 2803 mentiones
991 2737 1191 2826 collegerunt

185 2846 307 2911 Davifiua
329 2845 352 2909 l.
368 2865 398 2908 c.
435 2840 615 2907 Perizonius
631 2840 672 2904 ad
691 2838 856 2904 AElianum
871 2840 946 2902 Var.
961 2839 1042 2904 Hist.
1059 2840 1120 2904 111.
1138 2845 1189 2908 18.

186 2948 285 3037 etjam
307 2961 383 3012 ante
404 2943 581 3030 attigerunt
594 2940 771 3006 Delacerda
791 2940 833 3004 ad
853 2939 980 3026 Virgilii
1001 2940 1114 3029 Eclog.
1129 2945 1189 3010 Vl.

190 3071 224 3134 14.
239 3054 301 3140 seq.
336 3053 383 3116 A.
399 3049 552 3115 Schottuu
574 3047 615 3111 ad
634 3045 777 3111 Cononis
795 3046 923 3109 Narrat.
943 3044 1013 3108 init.
1028 3046 1106 3111 edit.
1123 3050 1190 3114 Ga·

188 3151 216 3217 lei
236 3177 265 3242 p.
291 3173 365 3218 101.
401 3149 588 3215 Plutarchus
612 3170 676 3212 non
700 3161 869 3211 contentus
897 3146 1033 3211 breviter
1055 3150 1192 3217 retuliffc

188 3253 255 3336 quod
275 3253 412 3320 breviter
433 3264 645 3315 memoratum
661 3261 819 3333 repererat
840 3247 872 3309 in
888 3246 1021 3310 aliorum
1038 3248 1191 3316 Consola.

188 3351 321 3434 tionibus,
351 3351 418 3439 ipsa
444 3351 621 3416 narratione
651 3347 825 3412 Aristotelis
854 3347 977 3434 integra
1004 3354 1193 3438 apponenda

186 3475 322 3544 magnam
343 3477 363 3520 a
384 3452 475 3527 nobis
496 3453 620 3516 servatae
636 3448 1191 3543 praestantiffimaereliquiae·gratiam

186 3557 252 3622 niit.

217 3679 284 3746 115.
298 3660 337 3724 B.
361 3657 474 3745 Διόπερ,
496 3655 518 3719 ὦ
539 3656 651 3743 aporos-r
672 3656 787 3719 πάντων
808 3652 854 3733 καὶ
871 3657 1132 3743 μακαριςότατμ]
1159 3659 1193 3723 Si

184 3759 265 3828 lectio
279 3783 352 3825 vera
365 3761 419 3839 est,
432 3773 560 3845 oportet
574 3759 606 3821 in
628 3780 665 3821 ea
679 3757 714 3820 stt
727 3756 879 3820 allocutio
892 3755 932 3820 ad
949 3775 1110 3823 mortuum
1126 3758 1193 3823 vel·

182 3863 220 3927 uti
232 3862 434 3938 Eudemum
457 3860 510 3923 hic
525 3859 609 3923 enirn
625 3857 755 3921 demum
774 3879 838 3921 non
858 3856 945 3922 vivus
959 3858 1070 3944 aliquis
1090 3857 1194 3922 collo·

180 3984 271 4050 quens
293 3975 420 4048 poterat
440 3960 503 4024 hoc
525 3959 654 4023 nomine
673 3956 885 4043 μακαριςοτάτε
900 3958 992 4021 affici.
1029 3958 1141 4042 Atqui,
1157 3971 1195 4024 ut

179 4078 240 4130 tota
252 4062 390 4129 narratio
403 4061 531 4149 ejusque
546 4082 644 4124 nexus
657 4059 801 4138 ostendit,
815 4057 966 4123 allocutio
980 4057 1076 4121 estad
1091 4058 1196 4129 vivum

177 4190 209 4233 ac
222 4166 424 4255 praesentem.
458 4165 563 4252 Igitur
578 4165 667 4229 locus
684 4163 724 4227 ad
743 4164 906 4227 sanitatem
930 4161 1124 4239 revocandus
1146 4166 1196 4232 vel

122 4308 124 4317 ·
176 4267 352 4357 supplendo
371 4267 423 4349 fic,
443 4268 553 4354 Διόπερ,
576 4264 741 4351 ὦκράτιςε,
761 4265 874 4338 πάντως
889 4264 936 4326 ml
948 4268 1130 4351 μακαςιςοὺς,
1152 4268 1198 4348 κα)
