2700 4928
264 363 324 423 682
412 365 451 424 D.
463 365 513 423 W.
534 363 741 424 ANIMADV.
761 364 809 424 IN
829 363 1060 425 PLUTARCHI
1080 366 1154 425 ΜΒ.

267 532 434 622 positione,
451 552 514 619 qua
526 551 627 594 unum
641 529 770 594 verbum
793 527 833 592 ad
847 527 911 592 duo
924 542 980 593 aut
992 527 1085 613 plura
1098 525 1231 592 nomina
1242 547 1293 592 re-

267 637 381 714 fertur,
404 655 443 699 ea
466 634 509 697 est
533 631 626 710 ratio,
648 645 686 697 ut
712 630 892 716 proximum
914 651 1030 694 nomen
1050 630 1146 693 verbo
1167 629 1294 716 proprie

267 736 446 815 conveniat,
471 757 546 799 cum
570 731 698 819 reliquis
722 753 779 817 per
800 731 1000 796 tralationem
1025 729 1294 810 communicetur,

264 852 306 904 ut
326 836 509 903 monuimus
524 836 565 902 ad
586 840 618 923 p.
635 853 687 919 27.
708 837 746 898 Ε.
781 833 885 920 Igitur
906 832 955 896 vel
978 830 1155 917 προθέμενος
1178 831 1293 919 recipi·

265 939 387 1006 endum
409 939 562 1018 videatur,
585 950 641 1003 aut
662 935 894 1022 transponenda
911 935 951 998 fic
969 933 1134 1012 vocabula,
1154 934 1294 1018 τραπέζας

265 1041 437 1132 προθέμενος
450 1047 614 1114 πολυτελεῖς
629 1038 675 1117 καὶ
688 1037 793 1112 κλίνας.
830 1039 873 1102 Et
888 1037 941 1101 alli
962 1036 1140 1122 σςοτίθεθω
1158 1035 1206 1100 de.
1214 1037 1295 1102 cibis

265 1158 301 1210 et
327 1143 439 1207 menfis
468 1143 591 1221 dicunt,
621 1154 658 1206 ut
684 1140 835 1205 Latinum
861 1153 1015 1227 apponere,
1043 1152 1077 1203 et
1102 1137 1294 1204 Plutarchus

264 1245 353 1331 Opp.
369 1247 456 1310 Mor.
480 1266 512 1331 p.
528 1247 602 1329 643.
617 1245 660 1309 A.
683 1247 757 1326 671.
770 1244 814 1306 D.
832 1259 905 1327 703.
922 1244 960 1305 E.
996 1241 1064 1305 Vit.
1085 1259 1137 1324 70.
1151 1243 1190 1307 B.
1216 1259 1291 1325 270.

265 1346 305 1410 C.
333 1363 408 1431 555.
430 1347 473 1411 A.
524 1345 732 1412 Reddendum
758 1343 931 1430 Porphyrio
953 1344 1006 1407 De
1026 1343 1149 1406 Abstin.
1174 1345 1201 1408 Ι.
1224 1363 1290 1430 37:

262 1451 435 1536 aperimur
462 1456 564 1527 ταῦτα,
593 1447 748 1512 mutando
775 1447 807 1510 in
834 1446 1008 1533 orgo-‘liam
1034 1452 1139 1523 ταῦτα,
1165 1460 1292 1535 apponet

251 1548 317 1636 fibi
331 1550 381 1615 bos
396 1550 481 1614 cibos.

307 1675 360 1740 99.
376 1656 414 1717 E.
436 1651 640 1739 ἄμετᾶὅλητον]
672 1651 812 1717 Iielssrlus
832 1649 971 1714 malebat
992 1647 1215 1732 ἀμεταμέλητον,
1237 1676 1290 1714 cu·

251 1755 310 1844 jur
328 1780 385 1821 non
404 1758 537 1845 poenitet,
558 1757 608 1821 vel
629 1755 834 1844 ἄπαςίιὸλητον,
854 1754 1128 1842 incomparabilem:
1151 1776 1290 1842 quorum

260 1858 425 1944 posterius,
449 1859 511 1924 hoc
533 1858 662 1945 quidem
691 1857 780 1922 sensu
806 1870 843 1921 ut
867 1870 958 1921 notet
982 1855 1133 1936 excellens,
1157 1857 1289 1922 omnibus

256 1959 411 2046 praestans,
431 1960 482 2025 vix
497 1963 647 2026 Graecum
660 1960 723 2025 est:
746 1959 882 2024 alterurn
905 1972 938 2022 et
957 1958 1022 2044 ipse
1041 1958 1212 2045 aliquando
1230 1983 1287 2026 vo·

261 2059 319 2140 lui,
342 2063 445 2148 postea
469 2061 548 2126 velle
571 2061 667 2140 ,delri3
696 2074 730 2125 et
754 2061 840 2146 quod
865 2061 897 2124 in
924 2060 1053 2145 vulgato
1078 2081 1190 2125 omnes
1214 2061 1288 2126 libri

260 2163 472 2241 consentiunt,
495 2176 529 2225 et
549 2162 634 2248 quod
654 2184 729 2225 cum
747 2161 910 2225 sententiae
925 2173 993 2224 tum
1012 2160 1192 2248 gradationi
1205 2185 1285 2228 con·

257 2261 363 2346 gruit:
386 2261 483 2325 dolore
497 2285 610 2340 carens,
624 2264 749 2335 beatum,
768 2273 949 2348 perpetuum,
973 2263 1166 2348 progressum
1189 2264 1287 2330 habet

258 2373 293 2423 et
314 2383 421 2424 verum
441 2374 475 2425 et
494 2361 701 2425 manifestum.
737 2361 789 2424 Sic
814 2361 846 2424 in
873 2363 1000 2426 Horatii
1021 2362 1076 2428 illo
1098 2365 1165 2429 Sat.
1190 2366 1235 2430 11.
1253 2369 1285 2432 6.

261 2475 361 2544 1—5:
388 2460 453 2525 Hoc
468 2472 532 2523 erat
552 2462 583 2522 in
604 2461 682 2525 votis
692 2461 792 2524 s-nil
812 2461 938 2549 amplius
952 2486 1011 2541 oro,
1028 2464 1123 2551 Majo
1136 2478 1218 2545 nate,
1233 2469 1289 2555 nist

257 2572 292 2624 ut
300 2562 422 2649 propriu
437 2563 500 2625 haec
515 2562 586 2624 mibi
600 2586 720 2626 munera
726 2562 829 2649 saxis.
863 2560 1065 2628 Vocabulum
1079 2566 1283 2650 ἆμηᾶἔλητος,

256 2662 400 2749 onustans,
425 2663 626 2742 immutabilis,
651 2663 839 2729 Plutarchus
861 2664 970 2743 habet,
993 2666 1061 2732 Vit.
1084 2689 1117 2754 p.
1136 2670 1211 2754 852.
1231 2672 1282 2738 A:

257 2765 344 2853 Opp.
365 2768 453 2831 Mor.
475 2787 507 2851 p.
526 2765 599 2848 878.
614 2767 651 2831 B.
676 2767 749 2851 883.
764 2770 802 2831 E.
826 2783 899 2854 953.
917 2767 957 2831 C.
980 2782 1055 2853 954.
1071 2770 1106 2833 F.
1131 2790 1226 2837 1011.
1239 2775 1281 2838 A.

258 2868 409 2931 1111.A.
435 2867 526 2929 1116.
541 2867 585 2929 D.

298 2989 352 3053 99.
367 2968 404 3030 E.
426 2968 595 3055 Ἰφικράτην]
626 2967 813 3033 Plutarchus
834 2968 1081 3057 Apophthegm.
1097 2993 1129 3056 p.
1148 2972 1220 3056 187.
1235 2975 1280 3039 B:

252 3067 375 3154 Ῥῖγιορος
397 3067 425 3130 δι’
446 3094 515 3143 τινος
540 3072 721 3154 ἐπερωτῶντος
745 3071 826 3131 αὐτὸν
847 3072 874 3131 ἓν
898 3070 1044 3156 ἐκκλησίᾳ,
1070 3072 1120 3146 Τίς
1145 3071 1181 3136 clv
1202 3075 1281 3160 μίγα

256 3175 353 3255 φρονεῖς
365 3195 374 3247 ;
397 3169 515 3257 πότερον
529 3171 633 3247 ἱππεὺς,
652 3168 668 3245 ἢ
682 3169 803 3248 τοξότης,
818 3168 834 3246 ἢ
847 3175 1004 3251 mehr-aris,
1019 3172 1035 3251 ἢ
1048 3174 1150 3256 σιζὸςς
1173 3176 1280 3254 Οὐδεὶς,

252 3269 312 3348 ἔφη,
331 3270 443 3350 τούτων,
464 3273 530 3334 ἀλλ’
552 3275 566 3333 6
587 3276 665 3333 πᾶσι
688 3270 791 3345 τούτοις
816 3272 974 3353 &capon
995 3276 1159 3341 introirlrrv:
1182 3300 1279 3368 quem

251 3370 359 3436 locum
385 3372 519 3457 apponit
546 3372 692 3436 Stobreur
717 3374 818 3437 Serm.
844 3375 918 3438 Lll.
947 3396 980 3460 p.
1002 3378 1076 3461 366.
1122 3380 1279 3448 Eamdem

251 3493 321 3536 rem
345 3471 532 3537 Plutarchus
557 3494 685 3536 narrans
712 3472 743 3536 in
766 3473 847 3538 libro
869 3475 1029 3541 Virtutem
1052 3479 1170 3543 Doceri
1194 3483 1281 3547 Posse

250 3595 285 3660 p.
299 3593 374 3654 440.
395 3574 433 3638 B.
456 3574 704 3659 interrogantem
727 3573 818 3640 illum
840 3576 947 3660 prodit
973 3577 1108 3642 Calliam
1130 3580 1278 3649 Chabrite

250 3676 363 3742 tilium.

291 3803 345 3869 99.
356 3783 395 3844 E.
418 3782 562 3845 ὀἩσιόδε
578 3782 797 3868 nymphis—J
816 3781 907 3869 Ἔςγ.
924 3783 976 3847 86.
998 3785 1178 3853 notavimus
1193 3814 1275 3878 quo·

248 3906 313 3970 que
326 3882 367 3948 ad
382 3901 434 3968 23.
450 3885 495 3946 E.-

290 4006 322 4069 p.
341 4003 412 4047 roo.
435 3982 479 4046 A.
510 3983 545 4055 ὥς
568 3983 589 4044 εἰ
614 3982 828 4068 παρεκελεύετο]
867 3986 916 4049 lta
940 3986 1079 4071 recipere
1105 3988 1275 4060 debuimus

246 4084 336 4148 sensu
350 4084 525 4171 pollulante
545 4084 715 4149 lectionem
729 4087 838 4150 Anon.
853 4089 893 4152 T.
905 4091 946 4155 V.
970 4091 1091 4156 Reissrio
1105 4092 1183 4160 item
1199 4118 1273 4183 pro-

243 4183 365 4265 batam,
382 4184 532 4272 liquidem
550 4207 588 4249 ea
607 4185 692 4250 ultro
709 4185 809 4251 existit
825 4208 865 4252 ex
884 4189 997 4255 rectius
1013 4191 1154 4260 distincta
1168 4213 1273 4265 vetere
