2700 4928
140 768 477 917 DANIELIS
519 769 1098 868 WYTTENBACHII

318 1028 926 1113 ANIMADVERSIONES

605 1284 647 1328 ΙΝ

414 1492 829 1591 PLUTARCHI

195 1768 391 1834 SEPTEM
420 1768 721 1862 ΒᾼΡΙΕΝΤΠΜ
748 1767 1062 1837 CONVIVIUM.

528 2045 730 2079 *-

138 2223 273 2345 HUNC
295 2281 411 2347 librum
430 2305 450 2347 a
468 2283 638 2349 Plutarcho
656 2284 716 2349 effe
735 2284 898 2371 scriptum,
917 2294 952 2349 et
972 2282 1085 2363 oratio,
1106 2293 1141 2348 et

138 2378 213 2459 tatio,
230 2398 262 2448 et
280 2384 424 2450 dotirina
436 2386 624 2452 ostendunt:
648 2410 752 2474 neque
772 2388 806 2453 id
819 2387 1016 2453 monendum
1031 2388 1139 2453 cense-

138 2490 237 2562 mus,
259 2485 313 2548 nisi
337 2508 412 2551 eum
434 2509 493 2573 pro
516 2488 620 2575 spurio
645 2489 822 2555 habuiffent
843 2488 919 2554 clari
943 2488 1008 2554 duo
1030 2489 1086 2553 viri
1106 2490 1139 2555 J.

138 2569 293 2650 Hudsonus
314 2600 348 2651 et
365 2587 443 2652 Chr.
461 2589 657 2669 Meinertiuo‚
680 2604 813 2676 uterque
835 2590 1004 2654 indiverso
1023 2611 1140 2677 genere

138 2668 324 2765 iottiffimun
339 2687 393 2751 ille
415 2688 447 2751 in
471 2689 591 2753 Graecia
608 2689 707 2754 literis
726 2703 760 2754 et
777 2688 994 2753 Grammatico
1008 2688 1141 2766 ratione,

138 2772 227 2849 ticin
246 2788 363 2852 Mornli
384 2789 593 2875 philosophie
614 2804 648 2855 et
666 2790 861 2854 historiarum
883 2803 991 2875 parte3
1016 2801 1139 2867 neuter,

138 2888 168 2940 nt
180 2903 242 2949 rere
256 2886 373 2966 dicam,
390 2887 551 2953 Plutarchi
567 2888 795 2954 consuetudine
808 2889 997 2953 exercitatus
1016 2886 1057 2952 ad
1070 2887 1140 2953 sen-

138 2971 193 3047 sum
207 2984 429 3074 judiciumque
450 2989 520 3075 ejus
546 2988 755 3076 proprietatis.
799 2987 974 3053 Hudsonus
994 2989 1089 3054 verbo
1109 3001 1144 3054 et

138 3075 303 3157 inhianter
316 3093 496 3179 suspicionis
508 3095 572 3159 suae
584 3094 781 3160 mentionem
796 3093 906 3180 injecit
919 3093 961 3158 ad
970 3093 1143 3180 Josephum

138 3180 203 3255 Ant.
214 3194 291 3258 Jud.
308 3196 348 3257 V.
362 3197 432 3259 8.6.
448 3196 611 3282 appellans
627 3196 801 3284 scriptorem
817 3195 957 3261 Convivii
962 3197 1075 3282 septem
1084 3197 1144 3282 sa·

138 3284 250 3378 ‚bicatum
268 3300 345 3359 inter
360 3311 446 3382 opera
463 3296 630 3361 Plutarchi.
667 3297 854 3362 Meinetfius
865 3298 899 3362 in
914 3298 995 3362 libro
1009 3299 1144 3363 Germa·

138 3387 196 3458 nice
208 3398 322 3483 scripto
338 3397 470 3484 Hssoria
485 3401 698 3464 Doctrinarum
716 3402 800 3488 opud
815 3400 936 3465 Graecor
949 3410 978 3463 et
991 3398 1145 3480 Romanor,
1183 3474 1185 3478 Α

138 3494 397 3580 cujuscensuram
419 3502 616 3588 prodidimus
637 3502 847 3567 Bibliothecae
869 3501 998 3567 Criticae
1011 3500 1086 3566 Vol.
1101 3503 1145 3565 11.

138 3584 208 3660 Part.
223 3602 280 3663 lV.
301 3600 505 3666 asseveranter
520 3601 709 3688 pronunciat
720 3603 759 3666 T.
775 3602 802 3664 1.
824 3621 858 3688 p.
875 3615 948 3685 135.
964 3613 997 3665 et
1011 3599 1148 3664 rationes

138 3706 250 3784 quoque
270 3700 431 3786 opinionis
444 3702 743 3788 apponit,'universe
763 3724 783 3767 a
803 3702 895 3768 nobis
913 3701 1100 3788 improbate
1112 3700 1147 3764 in

138 3784 184 3859 'tila
205 3802 333 3866 censura
359 3824 391 3888 p.
411 3824 482 3867 101.
519 3803 691 3868 Rationum
718 3804 840 3868 summa
859 3803 929 3867 haec
950 3803 1005 3867 est.
1043 3808 1067 3842 “
1080 3800 1147 3867 Pri·

138 3892 273 3966 “tnumz
313 3905 488 3968 convivium
518 3902 699 3991 hujusmodi
725 3902 828 3991 magio
855 3902 896 3968 ad
923 3902 1147 3982 differendum,
1280 3952 1285 3961 ·

138 3990 163 4026 ¹‘
173 4017 261 4081 quam
275 4002 522 4082 comedendum,
537 4003 715 4069 institutum
728 4003 897 4069 abhorrere
910 4024 930 4067 a
942 4023 1032 4068 more
1045 4001 1148 4067 etam

139 4094 297 4187 “Septem
315 4106 500 4192 Sapientum
518 4120 552 4172 et
567 4106 669 4195 mugit
689 4106 857 4172 convenire
869 4104 952 4170 mori
966 4104 1104 4170 Platonis
1115 4119 1151 4172 et

143 4194 364 4290 “sequentium
387 4205 660 4295 philosophorum.
703 4205 848 4274 Deindez
879 4205 982 4271 stilum
1003 4228 1069 4272 non
1090 4207 1150 4273 effe
