2700 4928
160 311 235 364 1012
302 304 339 363 D.
351 306 402 365 W.
423 304 630 364 ANIMADV.
650 304 697 363 IN
719 302 952 362 PLUTARCHI
974 300 1049 361 LIB.

205 468 276 529 166.
289 468 328 530 E.
349 466 425 553 πόσῳ
447 468 472 530 Il
494 466 686 554 havdrrpov-]
713 464 821 531 Multa
838 464 911 551 quia
932 460 1178 527 comminiscatur

158 566 198 631 ad
224 567 473 631 constituendam
497 567 686 644 orationem,
707 565 814 653 potina
837 562 1071 642 mutationum,
1092 581 1174 647 quau

159 667 374 746 correctionis,
388 666 460 733 loco
474 667 635 745 habenda3
652 665 801 753 fiquidem
817 665 888 729 haee
903 686 969 728 non
987 663 1043 727 nili
1057 684 1118 726 una
1125 659 1173 724 effe

160 769 270 853 potest.
307 769 442 833 Fortass'e
456 769 648 853 probabilior
661 768 730 833 haec
746 766 901 843 videatur,
915 765 997 850 πίσιρ
1011 764 1038 827 δὲ
1053 763 1172 847 hadr-p

158 870 247 934 οἴεσθε
262 872 334 958 ίχαν
348 874 443 946 αὐτοὺς
456 875 582 958 δνςυχεῐς
596 871 726 945 δωτίτας
739 868 935 949 &ruperimus
949 894 979 930 κ.
990 893 1022 930 τ.
1031 881 1062 929 λ.

205 987 274 1047 166.
284 988 322 1048 Ε.
343 987 408 1058 Ἐςὶ
423 985 617 1070 δούλῳ-νοῦ]
644 988 727 1049 Pana
742 983 885 1069 religiosa
897 982 997 1046 etiam
1013 979 1171 1045 latronibus

158 1083 288 1148 subinde
310 1099 537 1148 memorantur.
580 1085 682 1150 Servis
703 1084 843 1169 aliisque,
865 1104 935 1146 aras
957 1096 993 1147 et
1014 1079 1129 1166 templa
1144 1092 1170 1140 et

157 1186 271 1248 statuas
295 1199 367 1249 tuta
388 1186 554 1272 sanctaque
577 1185 734 1272 perfugia,
759 1186 942 1271 frequenter
965 1183 1000 1248 in
1023 1179 1170 1246 comediis

157 1299 191 1349 et
204 1283 337 1349 historiis
352 1285 511 1371 legimus:
534 1308 637 1372 eoque
659 1287 764 1350 valent
785 1285 874 1350 citati
895 1283 997 1349 modo
1016 1285 1051 1348 S.
1067 1283 1168 1347 Petita

158 1388 260 1472 legg.
283 1388 355 1450 Att.
378 1409 411 1474 p.
429 1388 499 1472 158.
522 1401 555 1451 et
578 1387 714 1451 Institut.
733 1389 760 1450 I.
776 1387 806 1450 8.
823 1406 854 1451 2.
889 1384 1094 1449 Vocabulum
1113 1379 1167 1445 ἆίί·

158 1483 238 1562 ὅηλος
255 1485 342 1571 quod
367 1486 522 1551 Reitkium
541 1486 645 1571 primo
667 1485 855 1562 offenderat,
880 1484 979 1550 habet
999 1483 1168 1548 Plutarchus

159 1587 296 1651 Camillo
310 1609 342 1673 p.
357 1607 427 1669 144·
443 1587 483 1650 C.
512 1588 612 1650 Bruto
627 1607 700 1672 993.
719 1587 759 1650 C.

203 1707 273 1768 166.
287 1707 322 1768 F.
344 1704 439 1792 Πίρας
459 1705 499 1777 1ςὶ
520 1710 555 1767 τῦ
577 1702 653 1789 βίω]
681 1702 738 1768 Rei
754 1703 918 1767 notiffimae
936 1702 1008 1789 quia
1031 1699 1166 1766 imitatio·

159 1829 231 1870 nem
246 1806 339 1870 ineffe
353 1809 469 1892 putet?
493 1805 591 1870 dictio
605 1819 711 1870 tamen
732 1805 797 1891 ipsa
815 1803 921 1889 prodit
936 1826 1000 1867 non
1018 1817 1131 1868 temere
1141 1815 1167 1864 et

157 1909 231 1972 casu
255 1909 349 1973 verba
370 1906 555 1990 conveniffe,
577 1907 630 1971 sed
651 1929 670 1970 a
688 1904 913 1971 Demosthenis
933 1905 1121 1969 auctoritate
1139 1913 1166 1965 ct

156 2008 303 2096 exemplo
324 2009 425 2093 petita
445 2007 525 2073 etse:
551 2007 642 2093 cujus
664 2007 727 2071 hoc
746 2008 789 2070 est
812 2005 933 2071 ditium
955 2006 989 2069 in
1013 2007 1102 2072 Orat.
1121 2006 1165 2069 Pro

158 2110 287 2175 Corona
308 2131 341 2195 p.
361 2111 436 2194 326.
452 2108 501 2173 C:
525 2108 620 2194 Πέρας
639 2108 690 2189 μὲν
712 2111 770 2192 γὰρ
792 2103 895 2169 ἅπασιν
917 2106 1069 2194 ἀνθρώποις
1088 2105 1124 2177 kl
1136 2107 1166 2165 ri

80 2263 85 2274 .
156 2211 206 2287 βίω
227 2216 241 2273 I
261 2211 391 2286 θάνατος,
414 2207 465 2294 κᾷν
488 2214 514 2272 ἓν
535 2209 648 2293 οἰκίσκῳ
671 2210 712 2282 τίς
731 2210 814 2271 αὑτὸν.
831 2205 980 2293 καθείρξας
1001 2214 1080 2295 τηρῇ·
1100 2204 1164 2268 titt?

156 2312 216 2384 τοὺς
243 2311 367 2395 ἀγαθοὺς
392 2309 488 2395 ἄνδρας
510 2313 643 2396 ineptit
663 2311 714 2390 μὲν
741 2306 845 2371 ἅτασνκ
865 2307 906 2372 ἀεὶ
927 2313 984 2383 τοῖς
1005 2312 1110 2387 καλοῖς,
1127 2308 1163 2382 ti}

155 2415 268 2495 bymhlv
287 2410 520 2499 σςοέαλλομίνες
536 2411 644 2474 ἐλπίδα·
667 2411 752 2497 φέρειν
767 2413 788 2473 δ’
803 2410 827 2490 I,
843 2408 917 2473 11111
932 2416 945 2473 I
965 2413 1026 2486 θεὸς
1041 2414 1100 2475 διδοῖ
1110 2432 1162 2492 γυ·

157 2513 245 2587 ναίας.
282 2514 500 2577 Memoratum
524 2512 694 2576 Plutarcho
715 2514 767 2576 Dc
783 2515 868 2576 Fort.
884 2512 978 2576 Alex.
1002 2534 1034 2598 p.
1047 2508 1161 2598 333.ss

156 2629 190 2680 et
210 2613 278 2680 aliis
299 2628 334 2679 et
354 2615 506 2691 Lucieno,
522 2613 574 2699 qui
591 2613 718 2693 dicitur,
736 2614 767 2675 in
787 2611 952 2677 Demosth.
969 2613 1118 2678 Encomio
1129 2611 1160 2674 t.

159 2717 220 2780 Ill.
235 2738 269 2801 p.
281 2728 356 2802 495.
379 2714 513 2780 Audiori
524 2715 607 2778 Vitae
623 2714 758 2777 Homer.
776 2714 806 2794 ξ.
824 2713 977 2777 CLVIII.

202 2835 272 2896 166.
288 2835 321 2896 F.
344 2833 499 2896 συνάπίυσα
521 2836 560 2916 τῷ
581 2830 693 2915 θανάτῳ
714 2856 784 2892 κ.τ.
797 2830 841 2913 λ.]
873 2829 984 2893 Βίἃὶο
997 2829 1030 2893 in
1045 2829 1105 2893 hoc
1122 2849 1160 2892 tr·

156 2948 313 3018 gumento
328 2934 439 2996 usitata
457 2932 544 2996 suilla
565 2932 698 2995 videtur.
735 2928 787 2992 Sic
804 2929 973 2993 AEsclrines
987 2930 1160 3005 Socraticus,

156 3034 211 3121 qui
228 3035 339 3112 fertur,
362 3034 394 3097 in
416 3034 563 3098 Axiocho
579 3032 639 3111 bis,
657 3033 687 3112 §.
701 3052 743 3110 4:
768 3030 908 3103 Ξυνάπῖας
928 3035 1000 3118 γὰρ,
1017 3028 1160 3116 ὦἈξιίχε,

154 3138 238 3221 παρὰ
252 3138 299 3212 τὴν
313 3135 503 3214 tranfertur,
518 3133 714 3216 ἀνεπνλογίςας
735 3137 768 3218 τῇ
787 3131 956 3218 avarorum,
975 3133 1100 3210 αίθησνν.
1131 3133 1161 3195 Et

156 3238 188 3319 ξ.
206 3239 263 3300 161
289 3236 428 3310 zaratum
448 3241 516 3321 γὰρ,
538 3232 560 3297 ὦ
581 3235 709 3320 Ἀξίοχε,
732 3234 928 3319 ἀνεπιλογίςας
948 3242 982 3321 τῇ
1004 3237 1104 3325 veit&
1120 3241 1161 3296 ruit

155 3341 283 3423 ἆγαθῶν,
305 3336 475 3418 ἀντασᾶγαν
496 3342 589 3398 κακῶν
610 3334 739 3413 α’ίθησνν,
763 3334 956 3416 ἐκλαθόμενος,
979 3335 1019 3400 611
1037 3339 1159 3413 τέθνηκας·

156 3439 322 3502 verborum
340 3435 469 3522 quidem
493 3435 618 3499 iteratio
640 3451 673 3498 et
694 3434 916 3510 redundantia,
938 3435 1025 3501 haud
1044 3459 1161 3524 magno·

156 3560 230 3625 pere
244 3557 423 3623 congruens
439 3536 606 3600 Socraticae
623 3535 748 3599 scholae.
784 3536 977 3623 Porphyrius
991 3539 1044 3603 De
1058 3537 1161 3602 Abffin.

157 3643 183 3706 Ῑ.
198 3655 252 3725 54.
268 3660 298 3724 p·
316 3656 375 3725 92:
400 3637 475 3710 εὐθὺς
491 3641 549 3724 γὰρ
569 3643 602 3722 τῇ
621 3638 724 3721 ςερήσα
745 3645 798 3701 τῶν
819 3640 930 3724 βρωτῶν
948 3640 1069 3706 συνοίπία
1084 3637 1163 3729 &teht

154 3742 223 3816 τινὸς
237 3743 316 3803 δανοῦ
329 3736 497 3823 παρουσίαν,
516 3741 546 3814 ἐξ
559 3737 588 3814 ἧς
603 3743 615 3799 ὁ
628 3738 756 3811 θάνατος.

196 3882 230 3945 p.
242 3861 313 3942 167.
323 3857 365 3922 A.
382 3854 453 3944 ᾍδυ
468 3855 535 3929 τινὲς
550 3855 704 3938 ἄνοίγονταρ
715 3855 853 3938 πόλαρ-]
879 3855 989 3921 Duhla
1001 3880 1041 3922 ex
1054 3855 1166 3945 opinio·

155 3959 248 4023 nibus
268 3970 302 4023 et
322 3953 474 4039 exemplis
493 3953 590 4040 vulgo
610 3950 752 4015 traditis:
777 3951 953 4038 cujusmodi
976 3954 1050 4020 sunt
1070 3971 1167 4045 poeta·

154 4081 226 4122 rum
252 4080 286 4144 p.
309 4073 361 4140 17.
381 4054 428 4121 C:
458 4054 510 4118 sed
532 4068 565 4117 ct
588 4076 627 4118 ex
647 4053 762 4117 fabulis
780 4053 820 4116 de
843 4054 955 4119 Inferis
978 4059 1089 4143 quales
1110 4058 1172 4124 sunt

153 4159 205 4223 De
226 4159 302 4221 Sera
320 4157 420 4220 Num.
436 4154 534 4223 Vind.
556 4156 609 4219 De
631 4153 735 4218 Genio
758 4153 906 4235 Socratis,
929 4157 980 4221 De
1003 4160 1096 4224 Facie
1116 4162 1173 4224 Lu·

149 4643 152 4648 ,
222 4416 455 4584 A
