2700 4928
340 362 543 425 urorum.
558 364 781 427 ricomer.
799 366 1011 443 paoem-r.
1116 373 1192 440 ιιιι
1210 395 1226 406 -

155 520 301 609 ὅμῶμοχ’,
323 531 338 602 ἡ
360 527 387 589 ii
406 533 471 612 φρὴν
489 528 638 612 ἀνώμοτος.
675 527 760 593 Illud
780 528 806 609 ὅ,
819 531 856 592 rit
876 556 921 593 κεν
934 537 1040 616 κεφαλῇ
1055 529 1193 593 ueratri·

155 649 257 703 οιοσιν,
274 627 484 694 Homericum
504 631 602 695 estex
626 630 718 695 Iliad.
733 635 777 696 A.
791 648 867 716 527.
900 630 1092 697 Harleianus
1114 631 1195 696 liber

156 722 229 804 dat,
244 726 302 808 Not)
313 735 357 811 μοὶ
370 731 440 810 Δία,
456 731 519 816 οἵγ’
536 732 576 806 ἔςι
591 733 703 797 δίκαιον.

205 833 279 894 208.
290 832 333 895 D.
349 831 398 916 est]
422 835 503 898 Item
520 831 557 898 in*
568 836 807 922 Xenophonteo
821 834 969 922 Agesilao
983 835 1112 915 x11.4=
1130 829 1195 900 lere'

157 933 370 1002 adverbum:
395 940 472 1002 ὁπότε
491 942 518 1003 δὲ
539 941 680 1025 ψεγόντων
697 940 712 1016 ἢ
728 940 901 1003 ἐπαινούντοιν
921 943 996 1013 τινὰς
1015 937 1120 1016 hodor,
1139 942 1195 1025 οὐχ

154 1036 231 1114 ἧτΊον
250 1037 316 1124 ᾤετο
337 1043 559 1123 καταμανθάνειν
572 1053 626 1106 τῶν
641 1043 777 1127 λεγόντοιν
787 1041 900 1129 τρόποις,
914 1040 930 1118 l
944 1043 1013 1129 περὶ
1026 1039 1062 1105 ’ὧν
1076 1041 1193 1126 λέγοιεν·

155 1156 297 1225 utraque
319 1145 490 1227 probabilis
512 1145 625 1210 leeiio:
649 1146 796 1224 dubium,
820 1160 892 1209 utra
906 1168 987 1211 vera.
1020 1145 1195 1210 Geminum

157 1240 238 1306 huic
256 1244 424 1309 Menandri
438 1247 598 1312 monitum
611 1248 716 1338 Τρόπος
729 1249 777 1313 ἔθ’
793 1247 926 1312 incidor
943 1254 992 1312 τοῦ
1005 1246 1152 1336 otherra,
1166 1249 1195 1311 ot

147 1342 256 1425 λόγος·
280 1343 319 1409 de
334 1370 399 1432 quo
413 1347 539 1434 egimus
559 1370 592 1433 p.
609 1368 663 1434 33.
682 1351 716 1413 F.

205 1445 279 1509 208.
297 1447 340 1510 D.
364 1446 415 1534 ς’.]
443 1450 544 1534 Atqui
565 1449 731 1536 Agesilaus
750 1471 842 1535 puer,
864 1449 1009 1514 nondum
1025 1464 1092 1513 erat
1104 1470 1196 1514 crea·

158 1557 215 1609 tua
239 1569 297 1611 nec
321 1549 503 1636 deignatus
528 1550 772 1636 rexrsrquidem
798 1550 911 1637 puerili
936 1549 1100 1636 disciplina
1123 1551 1196 1616 usua

158 1648 217 1726 est,
239 1663 275 1713 ut
297 1650 452 1736 privatus,
475 1654 549 1717 teste
574 1651 745 1717 Plutarcho
767 1652 799 1716 in
819 1651 890 1739 ejus
903 1651 981 1716 Vita
1001 1674 1034 1739 p.
1049 1655 1125 1739 596.
1141 1654 1194 1718 Dr

160 1771 271 1835 ponc,
297 1774 397 1837 quum
423 1753 539 1818 obierit
559 1753 725 1840 odioginta
748 1768 780 1819 et
805 1768 942 1840 quatuor
964 1758 1065 1818 annot
1089 1766 1195 1833 natue,

160 1853 343 1938 regnaverit
360 1854 583 1941 quadraginta,
600 1855 714 1919 eodem
734 1855 809 1919 teste
829 1876 863 1941 p.
879 1853 954 1919 618.
970 1855 1018 1919 E:
1043 1854 1196 1941 sequitur,

160 1973 237 2017 eum
254 1975 362 2041 regem
379 1957 499 2020 fastum
519 1957 580 2021 else
602 1979 686 2020 anno
708 1956 811 2020 aetatia
826 1955 1066 2042 quadragesimo
1088 1955 1196 2023 tertio.

161 2054 323 2139 Equidem
353 2073 477 2142 putem,
508 2058 591 2121 hanc
616 2056 898 2135 narratiunculam,
921 2079 960 2121 ex
990 2056 1080 2121 simili
1110 2056 1196 2122 sado

163 2156 252 2243 quod
267 2157 308 2222 de
324 2160 469 2246 Agcfilao
484 2159 621 2224 refertis
636 2159 692 2246 qui
712 2159 831 2225 dicitur
854 2158 1036 2244 Xenophon
1053 2158 1086 2223 in
1101 2158 1199 2247 hujua

162 2263 364 2331 laudatione
379 2268 423 2331 ll.
442 2284 479 2351 17
494 2293 502 2332 t
527 2265 617 2330 οἵκαδο
638 2264 767 2330 ἀπελθὸν
781 2270 817 2341 οἷς
835 2269 873 2330 τοὶ
885 2265 1047 2344 Ὑακίνθια,
1061 2263 1114 2329 sxa
1129 2265 1198 2329 ὗτᾶ-

159 2370 223 2452 χθη
239 2369 289 2430 sni
303 2373 515 2456 milleformi,
529 2372 703 2432 virvarana
718 2371 758 2452 τῷ
775 2371 831 2452 8ιῷ
849 2363 1040 2431 συνεπετέλει
1063 2380 1136 2432 tum
1157 2388 1197 2433 ex

164 2467 228 2532 alio
252 2469 419 2534 Demarati
446 2484 480 2535 et
502 2469 711 2558 Leotychidie
731 2468 858 2556 prodito
883 2467 970 2554 apud
992 2467 1198 2534 Herodotum

163 2568 225 2633 VI.
242 2570 295 2652 67.
311 2583 345 2633 et
364 2569 513 2635 similibus
528 2569 661 2636 aliorum
677 2569 710 2634 in
726 2568 815 2634 simili
831 2569 934 2635 cauffa
948 2569 1110 2655 responsis,
1124 2591 1198 2655 qun

164 2670 347 2735 notavimus
369 2693 400 2757 p.
417 2692 489 2758 149.
505 2673 547 2737 A.
564 2672 732 2737 conflatam
746 2685 781 2736 et
796 2670 829 2734 in
843 2669 982 2758 Agesilai
995 2693 1112 2735 nomen
1127 2669 1197 2736 col·

164 2770 264 2835 latam
287 2773 359 2838 else.
395 2775 447 2840 De
470 2773 571 2838 choro
589 2771 721 2837 solemni
739 2768 937 2856 γυμνοπαιδίας
960 2771 1082 2857 Spartae
1103 2770 1199 2836 multi

164 2874 390 2960 prodiderunt,
411 2899 493 2964 quoa
519 2876 659 2941 citarunt
679 2874 906 2962 Wesselingiua
929 2873 971 2938 ad
993 2873 1198 2939 Herodotum

165 2978 227 3042 Vl.
243 2979 298 3061 67.
314 2990 348 3042 et
362 2978 575 3044 Ruhnkenius
590 2977 630 3042 ad
648 2975 762 3042 ‘limaei
776 2974 876 3041 Glols.
893 2975 973 3040 Plat.
991 2996 1025 3063 p.
1041 2992 1095 3062 73.
1125 2975 1197 3040 No-

164 3093 296 3145 menet
321 3103 440 3145 munus
462 3087 609 3167 χιροιτοιοῦ
633 3077 854 3144 animadvertit
878 3078 1134 3143 Hemsterhusrus
1156 3077 1199 3143 ad

164 3179 328 3267 Aristoph.
346 3181 429 3246 Plut.
446 3198 521 3268 954.
550 3182 610 3246 Pro
624 3178 731 3263 ἄσημον
745 3178 822 3243 dant
835 3176 953 3260 ἄσεμνον
965 3180 1042 3244 Jun.
1057 3192 1092 3244 et
1107 3177 1200 3243 Harl.

209 3284 285 3350 208.
302 3284 339 3346 E.
371 3282 424 3367 ζ’.]
460 3281 614 3347 Tenenda
633 3281 788 3346 correeiio
808 3302 849 3345 ex
870 3279 982 3346 codice
1003 3281 1036 3345 J.
1057 3303 1200 3368 quocum

164 3386 326 3451 consentit
343 3386 433 3450 Harl.
449 3388 493 3448 ot
508 3386 624 3459 πάντας
638 3386 684 3467 μοὶ
703 3384 850 3472 πρόκειται
864 3385 921 3469 ζῇν,
936 3384 993 3446 οὐδὲ
1013 3383 1114 3447 πάντα
1127 3388 1199 3447 οἰνα-

166 3487 296 3574 8ίχομαν.
331 3487 442 3552 Simile
456 3486 578 3576 didium
596 3486 739 3572 Pompeii
753 3484 888 3550 vidimus
901 3485 995 3570 supra
1009 3506 1041 3572 p.
1056 3503 1130 3566 204.
1145 3485 1184 3549 Β.

211 3590 285 3657 208.
299 3591 337 3653 Ε.
360 3589 411 3673 pss]
436 3588 595 3651 Xaaxnlnu
612 3608 775 3673 perperam
793 3585 928 3651 Palladis
945 3607 1127 3672 cognomen
1144 3607 1200 3651 ac·

166 3691 255 3778 cepit
277 3691 438 3769 Erasmus,
460 3688 547 3776 quod
565 3690 607 3752 est
627 3688 802 3752 Minerva:
826 3709 921 3774 quam
937 3685 971 3750 in
989 3708 1056 3751 rem
1071 3686 1144 3752 satis
1157 3689 1202 3754 est

165 3792 305 3859 laudasse
321 3793 496 3858 Meurfium
513 3791 545 3855 in
562 3789 698 3855 Miscell.
715 3792 835 3855 Lacon.
850 3790 877 3852 l.
890 3808 924 3874 3.

212 3896 286 3962 208.
304 3897 339 3959 F.
361 3893 416 3979 8.]
442 3892 554 3958 Simile
568 3892 609 3956 de
622 3891 747 3957 Brafida
763 3891 876 3971 fertur,
891 3902 1040 3955 notatum
1054 3888 1147 3955 nobis
1167 3913 1200 3980 p.

167 4012 185 4083 7
213 4000 276 4061 .E.
301 4016 373 4082 190.
388 3997 427 4059 B.

189 4020 287 4164 9208.
304 4101 339 4163 F.
370 4097 414 4183 ι’.]
447 4096 539 4161 Idem
568 4095 689 4161 saelum
720 4093 865 4181 proditur
892 4092 924 4158 in
953 4092 1202 4182 Apophthegm.

170 4205 252 4290 Reg.
277 4215 311 4266 et
334 4202 418 4267 Duc.
443 4221 476 4286 p.
495 4219 565 4286 191.
586 4200 625 4264 B.
643 4194 682 4280 ζ’.
720 4196 813 4261 Harl.
837 4195 893 4261 dat
912 4200 953 4282 τῷ
975 4201 1051 4260 κατὰ
1074 4197 1205 4276 Δωδώνην
1326 4220 1329 4225 ·

168 4306 255 4392 θινὸς,
278 4300 367 4391 quod
388 4299 519 4390 vulgato
543 4321 607 4377 non
631 4296 879 4388 preferendum.
920 4297 1039 4382 Verba,
1065 4296 1128 4386 sup
1149 4300 1206 4373 ἒςὶν
