2700 4928
70 365 277 429 ΑΡΟΡΗΓΗ.
292 368 513 429 ιΑοοΝΙοΑ.
532 368 822 445 natan-aroc.
886 376 965 449 11⁶9

9 542 51 612 15.
64 529 110 594 D.
132 529 178 616 a]
205 530 329 597 Ibidem
344 531 377 598 ε’.

14 646 48 713 5.
64 631 108 696 D.
130 630 183 717 52]
208 634 398 699 Notavimus
420 655 454 720 p.
473 654 544 721 190.
560 635 604 699 A.
627 633 683 699 ubi
707 632 882 721 Theopompo
899 631 959 697 tri-

10 755 53 797 nr.

12 848 48 918 5.
62 836 101 899 E.
124 833 167 922 r'.]
192 836 384 902 Notavimus
402 859 436 925 p.
454 856 526 925 190.
542 836 583 905 C.
598 837 654 903 ubi
668 838 712 903 est
724 835 837 925 Agidis
848 833 892 921 ql.

12 952 46 1019 5.
62 937 97 999 F.
121 933 186 1021 iffi]
224 938 301 1002 Erat
323 938 377 1003 hic
398 936 536 1025 Agefilai
560 960 644 1017 mos,
671 938 812 1006 hostibus
833 938 958 1002 abitum

10 1060 80 1118 ere,
103 1039 178 1103 teste
200 1040 331 1125 quidem
355 1041 504 1129 Polyaeno
529 1041 680 1108 11.1.6=
708 1039 883 1125 Ἀγησίλαος
902 1044 959 1115 τοῖς

10 1164 46 1202 rot
62 1148 114 1203 τῶν
127 1140 264 1222 somnior
281 1143 364 1207 δίοδον
377 1142 473 1224 bidem
485 1143 679 1230 napsiysnm.
710 1142 881 1207 Frontinus
897 1142 955 1205 lV.

10 1243 27 1304 i.
49 1241 192 1329 Scipioni
205 1244 348 1331 affignat.
383 1244 541 1314 Videatur
553 1256 587 1311 et
605 1246 754 1311 Kuhnius
767 1242 808 1309 ad
824 1244 956 1309 Pausan.

10 1363 55 1411 tl.
944 1390 947 1395 ·

17 1447 92 1513 216.
105 1445 150 1511 A.
173 1446 239 1532 af]
264 1447 455 1535 Iegendum
472 1447 672 1536 ωροφιρομίνε·
696 1470 758 1513 neo
776 1469 859 1535 opus
877 1448 955 1515 reti-

25 1548 119 1632 λ1γον·
147 1547 236 1634 quod
259 1549 345 1614 abest
366 1551 399 1614 in
422 1549 500 1616 Ald.
524 1550 597 1616 Bas.
619 1550 697 1638 xyt.
721 1551 768 1615 H.
789 1551 821 1616 .1.
837 1550 956 1615 Venet.

39 1649 132 1715 Harl.
159 1649 283 1715 addidit
312 1648 494 1737 Stephanus
516 1673 564 1717 ex
591 1651 659 1717 Pol.
686 1649 820 1717 Iconio.
844 1652 955 1715 Anon.

10 1755 141 1838 ηἠςερῆ
163 1751 284 1817 babent
303 1752 382 1817 Ald.
404 1753 476 1819 Bas.
494 1752 572 1841 Xyl.
589 1752 678 1840 quod
700 1750 786 1817 recte
806 1770 955 1817 correxe-

21 1853 54 1919 in
78 1857 180 1942 δυχιςῆ
203 1855 271 1920 Pol.
293 1854 426 1921 leonio.
445 1856 572 1921 Schott.
594 1856 706 1921 Anon.
723 1853 863 1941 indeque
881 1856 954 1919 Ste-

10 1976 62 2035 us,
78 1954 188 2020 nostris
202 1955 368 2021 codicibus
385 1978 450 2021 non
464 1954 729 2021 dissentientibus.

10 2059 42 2123 6.
57 2059 102 2121 A.
125 2055 182 2141 test]
205 2059 237 2123 J.
251 2057 337 2124 Vofl'.
359 2057 453 2123 Harl.
474 2058 504 2121 ri
521 2060 560 2121 tet
572 2061 628 2139 Ιτοῖς
641 2054 796 2143 Πιρινθῖοις
809 2059 960 2141 sirmia

10 2161 87 2224 Mox
100 2161 131 2226 .1.
147 2168 241 2223 σιωπῶ
254 2185 262 2224 r
286 2160 377 2225 Harl.
391 2160 494 2245 λέγων.
521 2159 617 2225 Unde
629 2174 739 2223 verum
753 2170 865 2243 putem
875 2158 955 2223 -σὺ

10 2262 70 2336 tao
90 2260 202 2325 hoico
222 2260 326 2346 λέγων,
347 2260 405 2347 tyb
424 2263 454 2325 δί
471 2268 591 2326 σιωπῶν.
626 2260 775 2325 Erasmus
789 2272 956 2345 comparat

11 2362 224 2428 antecedente
236 2361 276 2428 θ’.
308 2364 415 2429 Exstnt
432 2363 465 2429 in
482 2363 595 2430 codice
608 2365 737 2429 Veneto
757 2380 790 2449 p.
808 2380 881 2448 232.
896 2362 930 2427 D
943 2386 952 2427 r

10 2465 185 2530 otavimus.

10 2569 40 2631 6.
55 2568 95 2630 B.
119 2567 181 2652 152]
206 2567 374 2633 Demetrio
396 2568 465 2655 regi
484 2566 668 2653 responsum
687 2589 708 2631 a
726 2568 884 2651 Spartano
903 2564 953 2631 le·.

28 2692 94 2734 non
120 2669 297 2749 nominato,
321 2684 428 2735 narrat
457 2669 648 2736 Plutarchus
665 2669 719 2735 De
740 2667 896 2733 Garrulit.
918 2689 952 2753 p.

11 2775 50 2839 B.
73 2786 106 2838 et
125 2774 158 2837 in
179 2772 349 2860 Apophth.
364 2776 441 2837 Lac.
462 2793 495 2859 p.
511 2791 586 2858 233.
600 2774 642 2836 'Fa
657 2770 691 2834 in
706 2769 870 2835 codicibus
885 2771 952 2834 Ve-

10 2876 34 2939 1.
52 2873 145 2939 Harl.
176 2875 351 2960 Utriusque
363 2887 458 2939 aetate
472 2872 633 2958 antiquior
646 2868 701 2935 hic
714 2870 758 2934 est
769 2870 862 2957 Agis.

10 2978 39 3039 5:
54 2976 92 3039 B.
116 2974 182 3059 132]
206 2974 350 3062 Longior
366 2974 470 3040 oratio
491 2996 588 3059 quarn
610 2994 670 3058 pro
689 2970 952 3057 apopthegmatis

10 3100 41 3141 >r
65 3077 153 3163 quod
168 3090 286 3162 putem.
295 3076 411 3155 defiiisc
424 3075 456 3140 in
467 3076 539 3160 παρ’
555 3078 658 3149 αὐτοῖς·
680 3071 803 3160 reliqua
824 3070 899 3139 inde
911 3075 953 3139 ab

10 3194 26 3261 i,
45 3194 103 3243 aut
116 3194 202 3243 certe
214 3179 257 3242 ab
270 3177 323 3252 551
337 3182 367 3241 ori
382 3180 444 3265 -χρῆ
457 3176 663 3260 θαυμάζωμ,
677 3173 875 3263 adjedbaeffe
889 3174 951 3241 ali·

10 3326 17 3345 .
56 3280 192 3346 Fortasse
205 3280 304 3345 etiam
319 3302 454 3345 acumen
476 3280 521 3345 ita
536 3278 796 3366 intelligendum,
811 3282 888 3343 κατὰ
900 3277 950 3345 λί-

10 3381 128 3470 ·podar'm
145 3390 264 3446 -ubh
281 3406 332 3446 res
355 3382 624 3471 comprendunt,
635 3382 671 3467 si
679 3382 801 3469 summa
821 3382 952 3467 deorsum

24 3486 117 3571 suun
143 3508 215 3546 nam
236 3508 281 3546 me
300 3498 391 3570 puero
410 3495 500 3571 poter
515 3483 595 3548 dixit
610 3482 727 3570 summa
747 3481 877 3569 deorsum
897 3482 953 3569 ‘ffl

15 3608 25 3664 3
56 3585 151 3671 igitur
163 3586 200 3670 fi
219 3596 247 3647 et
267 3586 331 3648 baec
353 3586 385 3648 in
407 3585 588 3649 contrarium
611 3585 701 3670 versa
712 3584 800 3671 sunt,
811 3583 953 3671 sequitur

10 3710 62 3749 unc
77 3686 109 3749 in
128 3694 237 3749 rmum
248 3684 364 3770 statum
384 3685 461 3749 redii
483 3710 509 3750 a.
543 3685 686 3773 Vulgata
698 3685 852 3771 scriptura
865 3685 951 3749 refe·

10 3787 64 3851 ‚fit
83 3786 124 3851 ad
147 3787 367 3873 pervulgatam
382 3786 543 3873 querclam
557 3788 713 3851 seniorum
733 3784 775 3850 de
796 3784 950 3851 continua

10 3940 13 3951 .
34 3887 271 3974 depravatione,
291 3888 387 3952 AEtas
403 3902 575 3974 pometum,
592 3889 675 3976 pq'or
694 3886 783 3968 avie·
799 3886 871 3951 tulit
886 3886 950 3953 Me

10 4015 79 4060 ans.
98 4016 166 4055 mox
182 3993 306 4055 daturos
327 3991 500 4077 Progeniem
522 3991 711 4075 vitiostorem5
724 4002 763 4054 ut
776 3991 821 4055 est
842 3990 950 4054 Hora·

10 4114 40 4155 m
61 4090 171 4156 Carm.
187 4092 251 4156 111.
265 4094 308 4157 6:
331 4114 405 4178 quae
424 4094 468 4157 est
482 4091 612 4179 egregia
625 4089 758 4177 quidem
779 4089 949 4175 sententia,

10 4214 49 4257 oo
61 4191 95 4257 in
110 4194 388 4281 apophthegmate
401 4192 519 4280 frigida
532 4208 566 4257 et
580 4193 690 4257 hebes.
824 4266 827 4273 Ι

10 4296 35 4359 5.
50 4295 91 4359 C.
114 4296 174 4381 urst]
193 4298 306 4362 ¹Iocus
325 4296 393 4361 fere
412 4294 608 4376 communis,
626 4292 771 4361 redditus
785 4292 843 4363 illo
855 4294 951 4369 Euri«.

386 4416 480 4479 41³4
