2700 4928
233 336 437 398 ΑΡΟΡΗΤΗ.
451 340 541 401 REG.
554 337 715 400 E‘rnuc.
731 343 945 418 payait-c.
1028 348 1103 413 νοοῖ

71 511 158 563 trem
186 498 313 586 Cyrum
337 501 434 567 fimsse
460 501 567 588 prodit
596 503 783 568 Plutarchus
807 506 921 569 Artax.
949 526 984 591 p.
1007 519 1102 588 1017.

76 744 80 750 >
117 718 192 785 174.
205 702 250 766 A.
271 702 313 784 β’.
335 704 652 790 umanum
682 704 769 770 Hinc
790 704 822 770 in
843 704 969 792 Adagia
990 703 1102 771 retulit

68 802 221 867 Erasmus
236 803 292 867 sub
306 802 402 867 titulo
415 804 536 889 Byffina
553 806 647 870 Verba
662 827 695 892 p.
707 807 784 890 568.
1033 868 1036 872 ,

116 920 191 986 174.
205 904 244 967 B.
267 907 484 990 0PONTou.]
511 906 651 971 Orontes
671 907 726 972 ille
742 909 784 997 cst
802 929 911 994 quem,
933 919 1102 993 propterea

69 1003 160 1091 quod
185 1005 377 1070 Teribazum
406 1005 483 1070 salso
507 1029 544 1071 ac
565 1021 684 1072 temere
706 1009 885 1087 accusasset,
909 1009 1100 1073 Artaxerxes

69 1110 132 1180 ταῖς
153 1106 273 1191 ίχιίτοιις
293 1107 417 1189 ἀτιμίαις
431 1107 595 1195 mpsim,
610 1123 738 1174 extrema
757 1111 919 1197 ignominia
934 1109 1046 1197 affecit,
1062 1121 1101 1174 ut

69 1208 116 1274 ait
137 1208 302 1273 Diodorus
320 1208 384 1274 Sic.
408 1211 482 1273 XV.
507 1229 558 1274 11.
580 1225 613 1276 et
635 1212 751 1297 partim
774 1213 951 1276 notavimus
973 1232 1007 1297 p.
1027 1211 1099 1275 168.

70 1317 120 1379 E:
144 1314 231 1378 idem
250 1316 355 1400 postea
375 1316 485 1403 Myfiae
505 1317 636 1403 Satrapa
658 1317 776 1382 defecit
792 1341 813 1381 a
826 1339 914 1404 rege,
930 1338 1025 1402 quem
1040 1316 1099 1382 de·

70 1437 137 1480 nuo
160 1413 214 1479 fibi
241 1415 455 1479 reconciliavit
479 1415 693 1481 deficientium
717 1418 872 1482 sociorum
896 1417 1097 1502 proditionet

68 1515 136 1582 buc
159 1515 280 1601 spe&at
303 1517 402 1603 Trogi
424 1516 550 1603 Prolog.
576 1517 647 1581 libri
670 1519 713 1580 X.
750 1518 912 1582 Diodorus
938 1517 1002 1581 Sic.
1021 1519 1096 1582 XV.

70 1637 126 1705 90,
149 1637 203 1704 91.
230 1617 285 1683 ubi
311 1640 379 1682 rem
407 1617 535 1682 solerter
563 1619 701 1704 explicat
728 1618 967 1706 Wesselingiua.
1010 1618 1100 1684 Diffi

70 1719 270 1784 mentionem
291 1718 368 1782 secit
381 1719 531 1784 Aristides
549 1720 609 1784 Or.
626 1721 705 1784 Plat.
722 1721 767 1783 ΙΙ.
791 1743 823 1806 p.
840 1737 923 1805 257:
946 1726 1003 1783 -ο
1018 1723 1100 1797 ιιιίιδς

68 1819 163 1907 ιΙμιςιίς
180 1846 211 1882 τι
225 1825 289 1905 ἀνὴρ
304 1817 350 1899 καί
368 1820 479 1904 ἔχοντος·
503 1820 566 1908 ὄντες
580 1822 648 1906 περὶ
663 1828 710 1884 τοῦ
724 1823 848 1886 iamim
862 1822 932 1904 φασί
945 1822 1005 1884 τοτ’
1020 1826 1101 1886 εἰπεῖν

68 1922 200 2008 Ὀμίντην
214 1924 259 1984 τὸν
273 1921 397 2009 Πέρσην,
412 1925 446 1996 ὥς
469 1928 495 2006 (ὁ
508 1922 704 2004 addendum)
726 1925 807 1997 αὐτὸς
826 1920 872 2001 νίν,
887 1929 920 2008 τῇ
934 1924 1009 1987 θέσει
1023 1923 1097 1988 ποσὶ

52 2100 55 2105 .
69 2023 123 2105 μὶν
134 2022 222 2109 μίμνοι
237 2023 373 2105 σημαίνει,
388 2026 461 2086 ποτὲ
476 2027 503 2087 δὲ
517 2029 546 2088 οὗ
560 2023 667 2102 ελίονῆ
684 2024 720 2090 iv.
748 2025 815 2088 Ubi
828 2024 1014 2089 scholiastes
1027 2023 1097 2089 edi-

69 2137 125 2188 tus
139 2124 209 2188 haec
225 2139 334 2189 notat:
352 2125 483 2213 Ὀςίνιης
497 2131 510 2188 ί
524 2125 647 2214 Πέρσης,
663 2125 783 2189 ἐκπεσὸν
797 2125 855 2208 ἔφη,
872 2123 928 2203 Kal
945 2130 958 2187 ὁ
972 2125 1098 2203 διίκίυλος

67 2227 144 2289 ποσὶ
164 2227 215 2306 μὶν
233 2226 273 2305 lv,
292 2228 365 2289 arari
382 2228 409 2289 δὲ
422 2227 508 2313 μόρια
521 2228 655 2308 σημαίνει·
679 2226 748 2290 οὗτοι
763 2227 809 2300 καί
823 2231 915 2305 αὐτὸς,
929 2229 999 2315 πρίν
1015 2233 1097 2292 im·

69 2334 128 2392 σὸν
143 2331 260 2412 εὐτυχίης
272 2326 319 2406 cit,
335 2335 378 2392 νῦν
392 2331 514 2415 διιςυχὸι,
530 2328 585 2393 οἶνοι
600 2329 646 2410 καί
668 2325 745 2393 xviim
761 2337 814 2393 τῶν
836 2329 1007 2416 ἀνθρωπίνων
1024 2330 1099 2409 δίκην

51 2433 169 2516 πίννα)
183 2429 360 2518 ςςεφομίνιον.
398 2431 562 2516 Diogenes
577 2432 722 2495 Laertius
736 2432 846 2495 tribuit
862 2431 971 2495 Soloni
992 2433 1018 2496 l.
1032 2451 1096 2518 592

68 2530 151 2616 ίλιγι
172 2532 198 2594 δὲ
220 2533 281 2605 τοὺς
300 2536 385 2616 παρὰ
402 2536 457 2606 τοῖς
475 2534 610 2620 τυράννοις
632 2533 778 2615 ὃννοιμὲνινς
799 2533 1015 2619 παραπλησίους
1033 2534 1099 2615 σίνος

68 2638 141 2708 ταῖς
153 2634 251 2716 ψήφοις
269 2639 330 2708 ταῖς
351 2636 393 2697 ἐπὶ
413 2645 467 2698 τῶν
481 2644 634 2720 λογισμῶν·
658 2636 680 2722 'i
700 2640 759 2722 γιὶς
781 2634 883 2698 ἐκείνοιν
901 2636 1000 2712 ίιιοίςην
1023 2637 1097 2699 arcti

67 2735 120 2816 μὲν
139 2733 232 2797 πλέον
250 2735 400 2817 σημαίνειν,
413 2738 486 2799 ποτὲ
501 2739 527 2798 li
543 2739 616 2814 ἦτίω·
641 2735 687 2800 καί
699 2737 801 2799 τούτοιν
814 2737 875 2809 τοὺς
888 2735 1017 2820 σνμοίννες
1030 2737 1096 2802 mi

68 2839 120 2920 pir
134 2835 232 2909 ίιιιιςον
244 2836 337 2921 μίγαν
350 2836 426 2920 ι’ίγειν
443 2837 489 2916 καί
507 2841 645 2926 λαμπρὸν,
662 2839 736 2899 ποτὶ
750 2838 776 2899 δὲ
791 2835 899 2918 ἄτιμον.
936 2835 1096 2903 Additum

70 2937 408 3025 Adagiiswllrasmianis
424 2961 443 3001 a
462 2939 649 3016 BrafficanO,
672 2938 728 3002 sub
747 2937 843 3001 titulo
862 2937 1099 3024 Computatorum

71 3040 176 3125 Digiti
200 3060 233 3124 p.
248 3041 321 3124 652.
361 3042 528 3125 Praegnans
552 3041 594 3103 est
617 3038 715 3103 (Ιὶἃίο
736 3038 839 3119 ilium
862 3037 997 3117 δύνανται,
1023 3061 1097 3104 nam

69 3141 259 3205 alterutrum
281 3141 354 3204 satis
376 3156 457 3205 erat:
481 3141 529 3205 vel
552 3142 686 3219 δύνανται,
705 3139 821 3218 valent,
833 3139 1033 3227 figniJscant3
1057 3141 1098 3206 fic

69 3243 102 3306 in
130 3242 233 3307 verbis
252 3255 285 3306 et
313 3243 451 3306 numeris
478 3257 511 3305 et
538 3241 648 3327 pretiis
676 3243 856 3328 usurpatur,
884 3241 982 3307 veluti
1011 3242 1098 3330 apud

71 3343 278 3409 Plutarchum
295 3343 384 3430 Opp.
399 3346 486 3408 Mor.
503 3366 535 3428 p.
548 3363 624 3427 429.
639 3345 677 3407 Ε.
700 3362 774 3427 720.
786 3344 828 3408 A.
854 3345 996 3428 1094.B.
1020 3344 1096 3409 Ari·

71 3447 179 3512 stidem
202 3448 240 3510 T.
256 3447 282 3509 l.
306 3468 339 3531 p.
354 3448 416 3533 96:
440 3445 489 3509 vel
508 3445 618 3508 τιθέασι
638 3457 759 3530 ponunt,
779 3444 895 3522 valent,
912 3445 998 3532 quod
1018 3445 1096 3510 item

70 3550 101 3614 iu
125 3570 332 3614 numerorum
355 3546 594 3633 computatione
619 3545 747 3624 dicitur,
770 3559 807 3612 ut
832 3546 956 3611 erudite
976 3546 1096 3612 docue-

70 3661 145 3713 runt
164 3649 203 3712 T.
219 3645 470 3710 Hemsterhusius
493 3643 533 3708 ad
554 3644 689 3709 Luciaui
707 3646 745 3709 T.
762 3646 789 3709 Ι.
813 3665 847 3730 p.
861 3663 937 3728 340.
950 3658 985 3709 et
997 3644 1095 3711 Valc-

69 3749 218 3816 kenarius
230 3748 272 3812 ad
286 3748 493 3812 Theocritum
510 3768 544 3832 p.
557 3765 629 3827 241.

112 3869 186 3936 174.
204 3850 245 3914 C.
267 3854 496 3914 ΑΠῪΠΤΙΩΝ
514 3851 728 3916 ΒΑΣΙΛΕΩΝ
747 3851 887 3933 ΕΘΟΣ.]
914 3850 952 3913 In
966 3849 1029 3913 hoc
1043 3871 1094 3914 ar·

69 3965 226 4041 gumento
239 3953 377 4016 versatur
390 3950 552 4015 Diodorus
567 3952 630 4017 Sic.
643 3954 670 4015 l.
686 3968 738 4035 71.
761 3949 813 4015 cui
834 3950 973 4015 nostrum
987 3950 1095 4017 locum

68 4053 216 4121 adhibuit
229 4052 466 4140 Wesselingius.

113 4175 186 4242 174.
204 4157 245 4221 C.
268 4155 491 4241 ΠΟΛΤΙῸΣ]
519 4158 617 4221 Hunc
630 4178 737 4243 regem
753 4153 856 4219 omifit
873 4153 1096 4221 eruditiffimua

69 4258 153 4348 Cary
169 4259 203 4324 in
217 4258 300 4325 libro
320 4257 444 4325 Gallice
460 4257 576 4344 scripto
597 4255 723 4344 Histoire
737 4257 786 4321 des
801 4255 871 4321 Rois
884 4255 921 4322 dc
936 4255 1048 4324 Thrace
1068 4269 1096 4326 et

533 4379 553 4445 3
566 4379 589 4423 ¹
599 4377 622 4440 4
