2700 4928
167 333 242 386 1012
308 327 346 386 D.
358 329 408 387 W.
429 329 636 388 ANIMADV.
656 330 704 389 IN
725 328 958 389 PLUTARCHI
980 328 1055 388 LIB.

211 490 282 552 166.
295 491 333 553 E.
355 489 431 576 τόσῳ
452 492 478 554 n
500 491 692 579 δανίτερον-]
719 491 826 557 Multa
843 491 917 579 quia
938 489 1185 555 comminiscetur

164 587 205 652 ad
230 590 479 655 constituendam
503 592 691 670 orationem,
713 591 820 679 potina
843 590 1076 681 mutationum,
1097 610 1181 676 quan

165 690 380 769 6011οᾶ1οηί1,
394 691 466 757 loco
480 692 640 770 habenda3
658 691 807 778 fiquidem
823 693 894 755 haec
908 714 974 755 non
993 691 1049 754 nifi
1063 713 1124 754 una
1131 688 1181 753 effe

166 792 276 875 potest.
313 793 447 856 Fortaffe
462 794 653 878 probabilior
667 794 735 858 haec
752 792 907 870 videatur,
921 792 1002 877 τόσῳ
1015 793 1044 854 δὲ
1058 792 1179 876 invitm

163 892 252 956 οἴεσθε
268 894 340 981 ἔχειν
354 897 448 971 αὐτοὺς
461 899 587 983 δοςνχοῖς
601 897 731 972 δοστοίτας
745 895 940 975 ἁνεκφείκτοος
954 921 983 958 κ.
995 920 1027 957 τ.
1036 909 1068 958 λ.

210 1009 279 1070 166.
290 1011 327 1071 Ε.
348 1011 413 1081 Ἐςί
428 1010 622 1096 δούλῳ-νοῦ]
649 1013 732 1074 Fana
747 1010 890 1096 religiosa
902 1009 1002 1074 etIam
1018 1009 1178 1073 latronibus

163 1106 293 1170 subinde
315 1122 541 1172 memorantur.
585 1111 687 1174 Servis
708 1110 848 1196 aliisque,
870 1131 940 1173 aran
962 1123 997 1174 et
1019 1108 1135 1195 templa
1150 1122 1177 1170 ct

162 1208 275 1270 statuae
300 1221 372 1272 tuta
392 1210 559 1296 sandaque
582 1211 739 1298 perfugia,
764 1213 946 1297 frequenter
970 1211 1004 1276 in
1028 1208 1177 1275 comoediir

161 1319 196 1370 et
210 1306 342 1372 historiis
357 1308 515 1395 legimus:
539 1333 641 1396 eoque
663 1313 768 1376 valent
789 1311 878 1377 citati
899 1311 1001 1377 modo
1021 1314 1056 1377 S.
1072 1313 1174 1377 Petitur

162 1410 264 1495 Legg.
287 1411 359 1474 Att.
382 1433 415 1496 p.
434 1412 504 1495 158.
527 1425 560 1475 et
582 1413 719 1477 Institut.
738 1415 764 1476 l.
781 1413 810 1476 8.
827 1432 857 1478 2.
894 1412 1100 1477 Vocabulum
1119 1408 1174 1474 161·

162 1505 242 1584 &naas
260 1508 347 1595 quod
371 1510 527 1575 Reiskium
546 1511 649 1596 primo
672 1511 983 1589 offenderat‚·habet
1004 1513 1175 1577 Plutarchus

163 1609 300 1673 Camillo
313 1632 346 1696 p.
361 1630 431 1693 144.
446 1611 487 1676 C.
516 1613 616 1675 Bruto
631 1631 704 1697 993.
723 1613 763 1676 C.

207 1730 277 1790 166.
291 1730 326 1791 F.
348 1728 443 1816 Πέρας
463 1730 503 1802 iel
524 1734 559 1791 τῦ
581 1728 657 1815 βία]
685 1728 742 1794 Rei
758 1729 922 1794 notiffimae
939 1729 1012 1816 quis
1035 1728 1172 1795 imitatio·

162 1852 234 1893 nem
250 1829 343 1894 inelie
357 1834 472 1917 putet?
497 1830 594 1895 dictio
609 1845 715 1895 tamen
735 1831 799 1917 ipsa
818 1830 925 1916 prodit
939 1854 1004 1895 non
1022 1846 1136 1897 temere
1147 1845 1173 1894 et

160 1931 234 1994 casu
258 1932 352 1995 verba
373 1930 559 2015 convenisse,
581 1932 633 1996 sed
654 1955 673 1996 a
692 1931 916 1996 Demosthenis
937 1933 1126 1999 auctoritate
1144 1943 1173 1995 et

160 2032 306 2118 exemplo
327 2032 429 2117 petita
449 2032 529 2097 effe:
554 2032 646 2118 cujus
667 2032 730 2097 hoc
750 2033 792 2096 est
815 2032 936 2097 dictum
959 2034 993 2098 in
1017 2035 1107 2100 Orat.
1126 2034 1172 2098 Pro

161 2132 290 2198 Corona
311 2154 344 2218 p.
364 2134 439 2218 326.
455 2133 504 2198 C:
528 2133 623 2219 Πέρας
643 2134 693 2214 μὲν
715 2138 772 2219 γὰρ
795 2130 898 2196 ἅπασιν
920 2133 1073 2222 ἀνθρώποις
1093 2134 1129 2206 l5l
1142 2137 1171 2194 ri

83 2285 88 2296 .
159 2233 208 2310 βία
230 2239 244 2296 ί
264 2234 394 2310 θάνατος,
417 2231 468 2318 κᾷν
491 2238 517 2296 ἐκ
538 2234 651 2319 οἰκίσκῳ
674 2236 715 2308 τὶς
734 2236 817 2298 αὑτὸν,
834 2233 983 2321 καθείρξας
1004 2243 1084 2324 τηςῇ·
1104 2234 1169 2298 ltili

159 2335 219 2408 τοὺς
246 2335 370 2418 ἀγαθοὺς
395 2333 491 2419 ἄνδρας
513 2338 645 2422 ἐγχειρεῖν
666 2337 717 2416 μὲν
745 2332 848 2398 duaco
868 2334 909 2399 olel
930 2341 987 2410 τοῖς
1008 2341 1114 2416 καλοῖς,
1132 2338 1169 2413 ‘l'

158 2438 271 2518 dywldv
290 2434 523 2523 οτςοὸαλλομίνες
539 2436 647 2499 ἐλπίδα·
669 2437 755 2524 φέρειν
769 2439 791 2499 δ*
805 2437 829 2516 d,
844 2464 872 2500 τι
887 2435 920 2500 dr
935 2444 947 2501 ί
968 2441 1030 2514 θεὸς
1044 2443 1103 2503 isid
1115 2461 1167 2522 γεν·

159 2536 248 2610 ναίος.
285 2537 503 2601 Memoratum
528 2537 696 2601 Plutarcho
718 2541 769 2603 De
785 2542 870 2603 Fort.
886 2539 980 2604 Alex.
1005 2561 1037 2626 p.
1050 2560 1121 2627 333.
1135 2538 1166 2602 C.

158 2653 192 2702 et
213 2636 281 2702 aliie
302 2651 336 2701 et
357 2639 508 2716 Luciam,
524 2638 577 2724 qui
593 2639 720 2719 dicitur,
738 2640 769 2703 in
789 2640 954 2704 Demosth.
971 2642 1123 2706 Encomio
1134 2641 1165 2704 Τ.

161 2739 222 2802 III.
237 2760 270 2826 p.
283 2751 358 2825 495.
382 2738 514 2804 Audlori
526 2740 609 2803 Vitae
625 2739 760 2802 Homer.
778 2740 808 2820 ξ.
826 2740 979 2804 CLVIII.

204 2858 274 2919 166.
289 2858 323 2919 F.
346 2857 502 2919 συνοίτίκσα
523 2861 562 2941 τῷ
583 2856 695 2940 θανάτῳ
716 2883 745 2918 κ.
757 2881 786 2917 τ.
798 2857 843 2940 λ.]
875 2856 985 2921 Diffio
999 2857 1032 2921 in
1047 2858 1108 2922 hoc
1126 2879 1165 2922 ar·

157 2969 315 3039 gumento
331 2957 440 3020 ufilata
459 2956 546 3021 suiffe
567 2957 700 3020 videtur.
737 2955 789 3019 Sic
805 2956 974 3020 AEschines
989 2959 1165 3035 Socraticus,

157 3057 213 3143 qui
229 3057 341 3136 fertur,
364 3058 396 3121 in
418 3058 565 3121 Axiocho
580 3057 641 3136 bis,
658 3059 688 3138 5.
703 3078 745 3136 4:
770 3057 910 3130 Ξυνάτίας
930 3062 1002 3146 γὰρ,
1019 3056 1164 3146 ὦἈξνίχε,

155 3162 240 3243 παρὰ
254 3161 301 3235 τὴν
315 3159 505 3239 ἁνετιςασίαν,
520 3158 715 3242 ἁνετνλογίςονς
736 3163 769 3244 τῇ
788 3158 958 3246 ἂναοθησία,
976 3160 1103 3239 aldran.
1135 3164 1166 3226 Et

157 3260 189 3341 ξ.
207 3261 264 3324 16:
290 3261 429 3333 Ξυνοίτίας
449 3265 518 3344 γὰρ,
539 3257 562 3323 ὦ
583 3261 710 3346 Ἀξίοχν,
733 3262 929 3346 ἂνοτιλογίςοκς
949 3271 983 3350 τῇ
1005 3266 1107 3353 ecgrico
1124 3272 1166 3327 nit

156 3364 284 3445 ἇγαθῶν,
306 3360 476 3442 ἂντεεσοίγωκ
497 3368 590 3423 κακῶν
611 3360 740 3439 alono,
764 3362 957 3443 ἐκλαθόμενος,
980 3363 1020 3428 ὅτι
1037 3368 1164 3443 τέθνηκας·

157 3461 323 3524 verborum
341 3459 470 3545 quidem
494 3459 619 3524 iteratio
641 3474 674 3524 et
695 3461 916 3538 redundantia,
939 3465 1026 3529 haud
1046 3490 1166 3554 magno·

156 3583 231 3649 pere
245 3581 424 3646 congruens
440 3561 607 3626 socraticae
624 3560 748 3625 scholae.
785 3562 977 3650 PorphyrIus
993 3567 1045 3631 De
1060 3567 1166 3632 abtin.

157 3665 184 3728 I.
198 3679 253 3748 54·
268 3683 299 3747 p.
317 3680 376 3748 92:
400 3661 475 3735 εὐθὺς
491 3665 549 3749 γάρ
570 3669 603 3748 τῇ
621 3664 724 3747 ςερῆοει
746 3672 799 3727 τῶν
820 3666 931 3751 βρωτῶν
949 3668 1070 3734 widula
1085 3668 1168 3759 duplfa

154 3764 223 3838 τινός
238 3766 316 3826 δεινοῦ
329 3761 497 3848 παρουσίαν,
517 3766 546 3839 ἐξ
560 3762 588 3840 ἧς
603 3763 756 3837 laevam.

197 3905 230 3969 p.
242 3884 314 3966 167.
323 3880 365 3945 A.
382 3878 453 3968 ᾍδυ
468 3880 535 3954 τινὲς
550 3881 704 3965 ἄνοίγονταμ
715 3881 854 3965 mim]
879 3883 989 3948 Dudia
1002 3908 1041 3950 ex
1054 3887 1169 3973 opinio·

155 3981 248 4046 nibus
268 3994 302 4047 et
322 3977 474 4064 exemplis
493 3976 589 4063 vulgo
610 3976 752 4041 traditis:
777 3979 953 4065 cujusmodi
976 3983 1049 4048 sunt
1070 4002 1171 4073 poeta·

154 4103 225 4144 rum
251 4103 285 4166 p.
310 4097 361 4165 17.
380 4078 427 4145 C:
458 4080 510 4143 sed
532 4093 565 4143 et
588 4102 627 4144 ex
647 4079 762 4143 fabulis
780 4080 821 4143 de
842 4082 955 4147 Inferis
978 4086 1090 4172 quales
1111 4088 1176 4154 sunt

152 4181 204 4245 De
226 4182 302 4244 Sera
319 4180 420 4244 Num.
436 4180 533 4248 de.
556 4181 609 4245 De
630 4180 735 4244 Genio
757 4181 905 4263 Socratis,
928 4185 980 4249 De
1002 4188 1096 4253 Facie
1117 4192 1176 4254 Lu·

140 4512 386 4663 [A
