2700 4928
256 356 461 419 suornm.
475 356 565 418 ΒΕΘ.
577 356 738 418 E'rDUc.
757 355 1047 434 papst-mm
1090 364 1167 418 1118

138 518 402 608 munimentisque
414 520 584 602 sociorum,
598 522 653 608 qui
667 521 750 587 duce
766 518 918 600 Chabris,
932 518 1053 584 Isthmo
1066 517 1168 586 inter·
1238 553 1241 559 ·

138 624 227 710 septo
248 623 419 689 Thebanos
440 625 482 690 ab
504 623 641 712 ingressu
666 623 700 688 in
724 621 976 709 Peloponnesum
1000 620 1171 686 excludere

138 723 320 790 studebant:
343 725 461 811 quade
475 749 510 790 re
524 738 632 791 narrat
643 722 807 790 Diodorus
823 724 887 788 Sic.
900 724 976 790 XV.
987 723 1042 787 68.

181 846 256 913 193.
272 831 308 893 F.
332 827 383 915 κ’.]
416 829 619 918 Antigenidas
646 827 852 894 nobiliffimus
879 826 1011 905 tibicen,
1039 824 1172 910 dequo

138 948 242 1015 pauca
255 929 436 994 notavimus
450 952 483 1017 p.
501 931 573 1012 184.
590 932 630 995 C.
652 930 798 996 Breviter,
809 928 923 995 Suidas
937 941 972 993 et
985 928 1171 1012 Harpocra-

138 1030 208 1097 tion
230 1031 263 1095 in
285 1052 384 1096 voce:
411 1047 594 1097 contemtor
610 1031 714 1097 laudis
736 1030 917 1120 popularis:
944 1051 1010 1116 quo
1031 1027 1173 1116 pertinet

138 1132 209 1219 ejus
228 1132 352 1199 dietum
373 1133 459 1198 Mihi
480 1159 552 1198 cane
572 1147 601 1199 ct
619 1135 718 1221 Asrrſss
735 1147 948 1200 memoratum
968 1129 1118 1198 Ciceroni
1139 1130 1173 1196 in

138 1235 253 1315 Bruto,
266 1256 322 1320 50.
346 1236 475 1302 Valerio
489 1239 579 1303 Max.
594 1239 658 1303 lll.
674 1255 706 1323 7.
729 1239 802 1301 Ext.
819 1256 838 1305 2
852 1262 861 1301 r
888 1235 950 1301 alia
962 1233 1049 1323 apud
1063 1234 1171 1299 Athe-

138 1360 246 1403 naeum
260 1338 352 1403 XIV.
369 1358 403 1424 p.
413 1340 488 1423 631.
502 1339 538 1403 P.
565 1338 733 1404 Philonem
747 1338 824 1405 Jud.
837 1338 978 1402 Omnem
996 1336 1088 1401 Prob.
1103 1334 1174 1427 Esse

138 1439 213 1506 Lib.
229 1462 262 1526 p.
279 1440 353 1504 886.
371 1443 410 1504 Ε.
439 1439 532 1504 Setia
546 1441 588 1506 ab
609 1439 679 1528 ejus
699 1440 830 1504 nomine
845 1437 1048 1526 Antigenidii,
1062 1435 1173 1523 prodi·

138 1556 194 1609 tur
208 1565 228 1607 a
243 1542 414 1607 Plutarcho
428 1542 544 1607 Music.
567 1564 600 1629 p.
618 1543 712 1629 1138.
726 1543 771 1607 A.
809 1543 847 1606 ln
862 1539 933 1628 ejus
947 1552 1042 1604 aetate
1057 1539 1173 1604 diffen-

138 1646 228 1711 tiunt
248 1645 435 1733 scriptores:
460 1645 585 1711 Gellius
606 1647 682 1711 XV.
700 1662 752 1729 17.
776 1644 951 1710 secundum
973 1640 1174 1728 Pamphilam

138 1768 216 1813 sum
236 1761 469 1833 preceptorem
487 1747 663 1812 Alcibiadis
682 1746 774 1834 pueri
788 1745 877 1811 facit.
912 1744 1101 1810 Plutarchus
1121 1744 1175 1809 De

138 1848 230 1917 Fon.
244 1847 420 1914 Alexandri
440 1871 473 1935 p.
488 1869 530 1935 33
532 1865 564 1934 5.
579 1850 622 1913 A.
639 1849 725 1937 apud
738 1848 825 1914 hunc
844 1869 921 1912 eum
939 1845 1084 1913 cecinisse
1099 1868 1174 1912 nar·

138 1964 210 2018 rat:
240 1963 275 2014 at
299 1972 417 2015 nomen
439 1950 592 2030 tibicinis,
616 1951 672 2039 qui
696 1952 783 2038 apud
805 1949 1025 2015 Alexandrum
1043 1948 1172 2028 cecinit,

138 2051 325 2121 Tusciam
343 2050 445 2117 edunt
466 2051 532 2131 alii,
547 2052 646 2117 veluti
659 2052 725 2118 Dio
741 2052 856 2139 Chrys.
874 2050 931 2116 Or.
947 2052 975 2115 I.
998 2073 1032 2138 p.
1049 2070 1080 2115 1.
1113 2053 1174 2117 So·

138 2166 234 2243 pater
248 2153 469 2220 commentar.
485 2154 518 2218 in
540 2156 741 2242 Hermogen.
764 2176 798 2242 p.
811 2155 887 2239 385.
901 2181 934 2217 a.
951 2172 989 2217 1:
1013 2153 1100 2239 quod
1114 2176 1175 2218 no-

138 2277 217 2323 men
237 2254 328 2320 fuisse
349 2254 450 2320 fertur
470 2255 553 2342 patri
572 2255 802 2343 Antigenidae:
827 2276 887 2320 nec
906 2276 1025 2320 novum
1044 2255 1175 2320 nomina

139 2358 303 2425 clarorum
324 2357 495 2423 hominum
518 2380 539 2422 a
562 2359 777 2446 scriptoribus
800 2357 834 2423 in
856 2357 961 2422 alieno
982 2371 1175 2444 argumento

139 2459 311 2526 mutandi.
337 2460 475 2525 Fortasse
490 2483 572 2539 vera,
587 2474 674 2525 certe
688 2459 893 2538 verifimilior‚
908 2458 1056 2524 habenda
1067 2459 1174 2525 Athe·

141 2561 207 2629 nai
232 2560 371 2627 namatio
392 2562 452 2627 IV.
476 2583 510 2648 p.
526 2582 598 2648 131.
619 2562 659 2627 B.
680 2586 757 2628 eum
783 2563 817 2627 in
839 2562 1009 2648 Iphicratis
1031 2575 1177 2651 tempora

141 2662 305 2751 ponentis.
341 2662 417 2728 Alia
435 2663 568 2751 collegit
588 2664 776 2730 Harduinus
795 2663 835 2729 ad
855 2663 993 2728 Plinium
1010 2665 1104 2731 XVI.
1119 2667 1174 2730 66.

142 2764 183 2831 ln
196 2764 328 2830 alterius
343 2765 482 2831 tibicinis
502 2765 632 2831 nomine
647 2767 766 2831 diversa
780 2766 823 2831 est
838 2764 987 2831 codicum
1002 2765 1157 2852 scriptura
1165 2791 1176 2847 3

143 2887 220 2931 nam
240 2867 378 2945 Τέλληνος
399 2867 477 2933 dant
500 2870 531 2935 J.
548 2868 635 2934 Voss.
655 2869 748 2934 Harl.
782 2891 890 2956 porro,
911 2869 1021 2946 Τέλλην
1041 2870 1073 2935 J.
1088 2869 1177 2935 Voss.

139 2969 253 3048 Τέλλης
268 2969 362 3035 Harl.
392 2970 496 3035 Tellen
510 2971 642 3058 quidem
657 2972 808 3059 cognitus
823 2972 866 3036 est
882 2984 920 3036 ut
939 2972 1044 3036 bonus
1058 2971 1178 3038 tibicen

141 3085 177 3138 et
194 3071 366 3137 modorum
387 3073 567 3140 festivorum
589 3073 721 3139 aubiorr
744 3091 778 3139 at
800 3095 859 3138 nec
883 3072 978 3138 Teller
995 3087 1052 3139 aut
1073 3074 1178 3156 Tellis,

143 3187 261 3260 praeter
288 3174 376 3240 hunc
399 3175 507 3241 locum
530 3175 616 3255 alibi,
647 3174 751 3241 malus
780 3174 910 3255 tibicen,
939 3173 1026 3261 quod
1047 3176 1179 3263 quidem

144 3275 294 3357 sciamus,
306 3270 515 3346 memoratur.
538 3281 679 3346 Breviter
692 3279 745 3346 sed
756 3279 850 3346 dode
862 3278 903 3344 de
917 3278 973 3344 illo
983 3278 1052 3368 egit
1062 3279 1178 3346 Ruhn-

145 3377 265 3445 kenius
279 3381 374 3467 Epist.
391 3381 474 3447 Crit.
490 3385 516 3445 l.
533 3403 566 3467 p.
584 3402 655 3467 119.

188 3501 223 3568 p.
242 3499 315 3566 194.
328 3482 373 3546 A.
396 3479 468 3567 sest]
495 3482 543 3548 Ut
564 3483 627 3546 alia
648 3504 688 3546 ex
700 3482 764 3548 hoc
780 3481 968 3547 Plutarcheo
984 3481 1179 3568 Apophthe-

147 3595 297 3669 gmatum
318 3582 411 3662 libm,
434 3584 479 3648 ita
500 3585 574 3663 hoc,
591 3583 750 3670 descripsit
764 3583 912 3648 AElianus
925 3586 1003 3650 Var.
1018 3584 1100 3648 Hist.
1117 3584 1179 3648 Xl.

147 3703 182 3768 9.
215 3682 329 3747 Paucis
341 3685 443 3750 verbis
456 3685 652 3750 mentionem
669 3684 821 3771 superiori
843 3683 978 3749 historiae
992 3683 1028 3758 ς’.
1045 3684 1181 3771 subjecit

146 3783 338 3849 'l'hemlstius
353 3786 409 3850 01.
423 3787 501 3853 Vll.
522 3809 555 3873 p.
572 3788 624 3851 88.
641 3788 670 3852 C
683 3813 691 3851 t
716 3784 761 3866 mi
775 3788 832 3851 aaut
843 3787 984 3874 χρήματα
999 3788 1180 3873 εἰσεπράξατο

146 3887 208 3962 τοὺς
222 3888 424 3973 αἰχμαλῶτες·
447 3892 527 3953 ἀλλὰ
542 3888 587 3968 καὶ
600 3892 646 3953 τὸν
661 3892 816 3967 ὑκασπιςὴν
831 3888 980 3971 αἰθόμενος
994 3894 1040 3965 τῆς
1061 3890 1180 3975 φάλαγ-

146 4014 199 4075 γος
211 3990 393 4055 ἀπεσείσατο.
434 3992 597 4058 Caeterum
611 4013 670 4079 pro
686 3989 787 4067 ἐθέλεις
801 3986 1026 4078 corrigendum
1043 3991 1181 4069 ἐθελήσεις

146 4112 189 4159 οι
201 4092 295 4158 Harl.
310 4110 344 4158 et
357 4093 486 4159 AEliano
501 4095 524 4159 l.
535 4116 566 4159 c.

173 4202 179 4214 '
192 4213 267 4282 194.
282 4196 326 4259 A.
349 4195 423 4282 nst]
448 4195 686 4261 Nobilissimum
704 4194 766 4259 lroc
781 4193 895 4281 capitis
910 4193 1071 4283 judicium
1086 4195 1181 4261 multi

147 4310 380 4383 memorarunt.
413 4299 526 4387 Nepos
550 4299 664 4386 Epam.
685 4297 765 4365 Vll.
786 4298 882 4364 Vlll.
919 4296 1109 4364 Plutarchus
1132 4292 1199 4367 bis'
