<?xml version="1.0" encoding="UTF-8"?>
<!DOCTYPE html PUBLIC "-//W3C//DTD XHTML 1.0 Transitional//EN"
    "http://www.w3.org/TR/xhtml1/DTD/xhtml1-transitional.dtd">
<html xmlns="http://www.w3.org/1999/xhtml" xml:lang="en" lang="en">
 <head>
  <title>
</title>
<meta http-equiv="Content-Type" content="text/html;charset=utf-8" />
  <meta name='ocr-system' content='tesseract 3.04.00' />
  <meta name='ocr-capabilities' content='ocr_page ocr_carea ocr_par ocr_line ocrx_word'/>
</head>
<body>
  <div class='ocr_page' id='page_1' title='image "./plutarchichaero28plutgoog_0072.png"; bbox 0 0 2700 4928; ppageno 0'>
   <div class='ocr_carea' id='block_1_1' title="bbox 274 366 1071 450">
    <p class='ocr_par' dir='ltr' id='par_1_1' title="bbox 274 366 1071 450">
     <span class='ocr_line' id='line_1_1' title="bbox 274 366 1071 450; baseline 0.02 -21"><span class='ocrx_word' id='word_1_1' title='bbox 274 366 332 430; x_wconf 82' lang='lat' dir='ltr'><strong>DE</strong></span> <span class='ocrx_word' id='word_1_2' title='bbox 351 366 556 433; x_wconf 73' lang='lat' dir='ltr'><strong>rourum.</strong></span> <span class='ocrx_word' id='word_1_3' title='bbox 576 371 832 450; x_wconf 59' lang='lat' dir='ltr'><strong>poan-*ona</strong></span> <span class='ocrx_word' id='word_1_4' title='bbox 932 368 954 389; x_wconf 81' lang='lat'><strong>&#39;‘</strong></span> <span class='ocrx_word' id='word_1_5' title='bbox 1013 375 1071 444; x_wconf 77' lang='lat'><strong>⁶7³</strong></span> 
     </span>
    </p>
   </div>
   <div class='ocr_carea' id='block_1_2' title="bbox 55 525 1073 622">
    <p class='ocr_par' dir='ltr' id='par_1_2' title="bbox 55 525 1073 622">
     <span class='ocr_line' id='line_1_2' title="bbox 55 525 1073 622; baseline 0.004 -28"><span class='ocrx_word' id='word_1_6' title='bbox 55 526 164 612; x_wconf 67' lang='lat' dir='ltr'><strong>strum</strong></span> <span class='ocrx_word' id='word_1_7' title='bbox 183 532 391 597; x_wconf 77' lang='lat' dir='ltr'><strong>contumeliam</strong></span> <span class='ocrx_word' id='word_1_8' title='bbox 413 536 628 622; x_wconf 44' lang='lat' dir='ltr'><strong>mediarum</strong></span> <span class='ocrx_word' id='word_1_9' title='bbox 662 536 717 599; x_wconf 92' lang='lat' dir='ltr'><strong>De</strong></span> <span class='ocrx_word' id='word_1_10' title='bbox 736 525 870 599; x_wconf 82' lang='lat' dir='ltr'><strong>Naturae</strong></span> <span class='ocrx_word' id='word_1_11' title='bbox 892 530 1017 599; x_wconf 88' lang='lat' dir='ltr'><strong>ratione</strong></span> <span class='ocrx_word' id='word_1_12' title='bbox 1039 535 1073 598; x_wconf 88' lang='lat' dir='ltr'><strong>in</strong></span> 
     </span>
    </p>
   </div>
   <div class='ocr_carea' id='block_1_3' title="bbox 62 630 1131 700">
    <p class='ocr_par' dir='ltr' id='par_1_3' title="bbox 62 630 1131 700">
     <span class='ocr_line' id='line_1_3' title="bbox 62 630 1131 700; baseline -0.002 -3"><span class='ocrx_word' id='word_1_13' title='bbox 62 630 259 698; x_wconf 77' lang='lat' dir='ltr'><strong>distribuendis</strong></span> <span class='ocrx_word' id='word_1_14' title='bbox 273 634 347 698; x_wconf 83' lang='lat' dir='ltr'><strong>vitae</strong></span> <span class='ocrx_word' id='word_1_15' title='bbox 370 635 509 700; x_wconf 78' lang='lat' dir='ltr'><strong>subsidiis</strong></span> <span class='ocrx_word' id='word_1_16' title='bbox 523 649 556 700; x_wconf 90' lang='lat' dir='ltr'><strong>et</strong></span> <span class='ocrx_word' id='word_1_17' title='bbox 575 634 780 700; x_wconf 75' lang='lat' dir='ltr'><strong>facultatibus</strong></span> <span class='ocrx_word' id='word_1_18' title='bbox 801 635 884 699; x_wconf 89' lang='lat' dir='ltr'><strong>inter</strong></span> <span class='ocrx_word' id='word_1_19' title='bbox 905 631 1070 698; x_wconf 86' lang='lat' dir='ltr'><strong>hominem</strong></span> <span class='ocrx_word' id='word_1_20' title='bbox 1127 681 1131 693; x_wconf 90' lang='lat'><strong>.</strong></span> 
     </span>
    </p>
   </div>
   <div class='ocr_carea' id='block_1_4' title="bbox 10 735 1075 3579">
    <p class='ocr_par' dir='ltr' id='par_1_4' title="bbox 10 735 1075 3579">
     <span class='ocr_line' id='line_1_4' title="bbox 10 735 1073 823; baseline 0.004 -27"><span class='ocrx_word' id='word_1_21' title='bbox 10 802 13 821; x_wconf 43' lang='grc' dir='ltr'>Ι</span> <span class='ocrx_word' id='word_1_22' title='bbox 60 746 188 820; x_wconf 81' lang='lat' dir='ltr'><strong>etgcnue</strong></span> <span class='ocrx_word' id='word_1_23' title='bbox 206 737 375 800; x_wconf 83' lang='lat' dir='ltr'><strong>brutorum</strong></span> <span class='ocrx_word' id='word_1_24' title='bbox 398 736 494 799; x_wconf 88' lang='lat' dir='ltr'><strong>multi</strong></span> <span class='ocrx_word' id='word_1_25' title='bbox 516 750 678 823; x_wconf 89' lang='lat' dir='ltr'><strong>tamquam</strong></span> <span class='ocrx_word' id='word_1_26' title='bbox 693 736 733 800; x_wconf 90' lang='lat' dir='ltr'><strong>de</strong></span> <span class='ocrx_word' id='word_1_27' title='bbox 753 735 825 800; x_wconf 89' lang='lat' dir='ltr'><strong>Ioco</strong></span> <span class='ocrx_word' id='word_1_28' title='bbox 845 735 1022 813; x_wconf 89' lang='lat' dir='ltr'><strong>communi,</strong></span> <span class='ocrx_word' id='word_1_29' title='bbox 1038 750 1073 800; x_wconf 86' lang='lat' dir='ltr'><strong>et</strong></span> 
     </span>
     <span class='ocr_line' id='line_1_5' title="bbox 10 830 1070 922; baseline 0.004 -27"><span class='ocrx_word' id='word_1_30' title='bbox 10 830 12 889; x_wconf 75' lang='grc' dir='ltr'>ἶ</span> <span class='ocrx_word' id='word_1_31' title='bbox 58 833 115 897; x_wconf 84' lang='lat' dir='ltr'><strong>urii</strong></span> <span class='ocrx_word' id='word_1_32' title='bbox 133 835 215 900; x_wconf 84' lang='lat' dir='ltr'><strong>varie</strong></span> <span class='ocrx_word' id='word_1_33' title='bbox 236 836 510 922; x_wconf 69' lang='lat' dir='ltr'><strong>pronunciatum:</strong></span> <span class='ocrx_word' id='word_1_34' title='bbox 534 837 566 900; x_wconf 88' lang='lat' dir='ltr'><strong>in</strong></span> <span class='ocrx_word' id='word_1_35' title='bbox 586 836 636 900; x_wconf 83' lang='lat' dir='ltr'><strong>his</strong></span> <span class='ocrx_word' id='word_1_36' title='bbox 656 835 826 900; x_wconf 88' lang='lat' dir='ltr'><strong>Lucretius</strong></span> <span class='ocrx_word' id='word_1_37' title='bbox 843 834 885 900; x_wconf 83' lang='lat' dir='ltr'><strong>V.</strong></span> <span class='ocrx_word' id='word_1_38' title='bbox 902 854 981 919; x_wconf 80' lang='lat'>223:</span> <span class='ocrx_word' id='word_1_39' title='bbox 1006 835 1070 899; x_wconf 91' lang='lat' dir='ltr'><strong>Pli-</strong></span> 
     </span>
     <span class='ocr_line' id='line_1_6' title="bbox 10 932 1070 1022; baseline 0.004 -26"><span class='ocrx_word' id='word_1_40' title='bbox 10 932 13 943; x_wconf 86' lang='lat'>&#39;</span> <span class='ocrx_word' id='word_1_41' title='bbox 59 934 117 998; x_wconf 78' lang='lat' dir='ltr'><strong>nine</strong></span> <span class='ocrx_word' id='word_1_42' title='bbox 138 934 217 1000; x_wconf 85' lang='lat' dir='ltr'><strong>Hist.</strong></span> <span class='ocrx_word' id='word_1_43' title='bbox 231 937 312 1000; x_wconf 85' lang='lat' dir='ltr'><strong>Nat.</strong></span> <span class='ocrx_word' id='word_1_44' title='bbox 324 936 402 1000; x_wconf 91' lang='lat' dir='ltr'><strong>VII.</strong></span> <span class='ocrx_word' id='word_1_45' title='bbox 421 956 456 1000; x_wconf 81' lang='lat'><strong>1:</strong></span> <span class='ocrx_word' id='word_1_46' title='bbox 479 938 601 1001; x_wconf 82' lang='lat' dir='ltr'>Seneca</span> <span class='ocrx_word' id='word_1_47' title='bbox 621 938 673 1001; x_wconf 89' lang='lat' dir='ltr'><strong>De</strong></span> <span class='ocrx_word' id='word_1_48' title='bbox 692 935 857 1001; x_wconf 84' lang='lat' dir='ltr'><strong>Beneficiis</strong></span> <span class='ocrx_word' id='word_1_49' title='bbox 873 936 918 999; x_wconf 84' lang='lat'><strong>11.</strong></span> <span class='ocrx_word' id='word_1_50' title='bbox 934 956 986 1022; x_wconf 83' lang='lat'><strong>29.</strong></span> <span class='ocrx_word' id='word_1_51' title='bbox 1010 937 1070 1001; x_wconf 92' lang='lat' dir='ltr'><strong>IV.</strong></span> 
     </span>
     <span class='ocr_line' id='line_1_7' title="bbox 10 1033 724 1103; baseline 0.013 -9"><span class='ocrx_word' id='word_1_52' title='bbox 10 1058 12 1071; x_wconf 78' lang='lat'><em>=</em></span> <span class='ocrx_word' id='word_1_53' title='bbox 60 1033 100 1097; x_wconf 84' lang='lat'><strong>18.</strong></span> <span class='ocrx_word' id='word_1_54' title='bbox 719 1096 724 1103; x_wconf 92' lang='lat'><strong>.</strong></span> 
     </span>
     <span class='ocr_line' id='line_1_8' title="bbox 10 1120 1006 1221; baseline 0.002 -23"><span class='ocrx_word' id='word_1_55' title='bbox 10 1120 13 1209; x_wconf 75' lang='lat' dir='ltr'><strong>l</strong></span> <span class='ocrx_word' id='word_1_56' title='bbox 90 1135 137 1221; x_wconf 86' lang='lat'><strong>98.</strong></span> <span class='ocrx_word' id='word_1_57' title='bbox 149 1136 194 1200; x_wconf 91' lang='lat' dir='ltr'><strong>D.</strong></span> <span class='ocrx_word' id='word_1_58' title='bbox 213 1130 301 1199; x_wconf 79' lang='grc' dir='ltr'><strong>Ἀλλ’</strong></span> <span class='ocrx_word' id='word_1_59' title='bbox 313 1136 342 1199; x_wconf 75' lang='lat' dir='ltr'><strong>lv</strong></span> <span class='ocrx_word' id='word_1_60' title='bbox 354 1138 507 1221; x_wconf 65' lang='lat' dir='ltr'><strong>lilino-u]</strong></span> <span class='ocrx_word' id='word_1_61' title='bbox 533 1136 650 1201; x_wconf 74' lang='lat' dir='ltr'><strong>Versus</strong></span> <span class='ocrx_word' id='word_1_62' title='bbox 663 1136 789 1203; x_wconf 85' lang='lat' dir='ltr'><strong>ridetur</strong></span> <span class='ocrx_word' id='word_1_63' title='bbox 804 1135 1006 1221; x_wconf 78' lang='lat' dir='ltr'><strong>Euripidem.</strong></span> 
     </span>
     <span class='ocr_line' id='line_1_9' title="bbox 89 1236 1071 1325; baseline 0 -23"><span class='ocrx_word' id='word_1_64' title='bbox 89 1239 135 1323; x_wconf 79' lang='lat'><strong>98.</strong></span> <span class='ocrx_word' id='word_1_65' title='bbox 146 1240 184 1302; x_wconf 84' lang='lat' dir='ltr'><strong>E.</strong></span> <span class='ocrx_word' id='word_1_66' title='bbox 208 1236 256 1302; x_wconf 85' lang='grc' dir='ltr'><strong>Ἦ</strong></span> <span class='ocrx_word' id='word_1_67' title='bbox 270 1239 369 1325; x_wconf 76' lang='grc' dir='ltr'>βραχὺ</span> <span class='ocrx_word' id='word_1_68' title='bbox 381 1240 431 1320; x_wconf 68' lang='grc' dir='ltr'><strong>μὲν</strong></span> <span class='ocrx_word' id='word_1_69' title='bbox 445 1237 528 1312; x_wconf 64' lang='lat' dir='ltr'><strong>uhu</strong></span> <span class='ocrx_word' id='word_1_70' title='bbox 541 1239 882 1323; x_wconf 71' lang='grc' dir='ltr'><strong>ἀνδρὸς-ωαιδιόματα.]</strong></span> <span class='ocrx_word' id='word_1_71' title='bbox 911 1236 1071 1322; x_wconf 81' lang='lat' dir='ltr'>Euripidis</span> 
     </span>
     <span class='ocr_line' id='line_1_10' title="bbox 10 1337 1072 1459; baseline 0.004 -59"><span class='ocrx_word' id='word_1_72' title='bbox 10 1368 13 1459; x_wconf 51' lang='lat' dir='ltr'><strong>p</strong></span> <span class='ocrx_word' id='word_1_73' title='bbox 60 1339 198 1421; x_wconf 81' lang='lat' dir='ltr'><strong>cxAEolo,</strong></span> <span class='ocrx_word' id='word_1_74' title='bbox 210 1352 251 1404; x_wconf 89' lang='lat' dir='ltr'><strong>ut</strong></span> <span class='ocrx_word' id='word_1_75' title='bbox 264 1352 397 1426; x_wconf 80' lang='lat' dir='ltr'><strong>apparet</strong></span> <span class='ocrx_word' id='word_1_76' title='bbox 408 1360 448 1403; x_wconf 83' lang='lat' dir='ltr'><strong>ex</strong></span> <span class='ocrx_word' id='word_1_77' title='bbox 463 1339 592 1405; x_wconf 80' lang='lat' dir='ltr'><strong>Stobaeo</strong></span> <span class='ocrx_word' id='word_1_78' title='bbox 603 1342 706 1414; x_wconf 86' lang='lat' dir='ltr'><strong>Serm.</strong></span> <span class='ocrx_word' id='word_1_79' title='bbox 719 1342 793 1404; x_wconf 88' lang='lat' dir='ltr'><strong>LII.</strong></span> <span class='ocrx_word' id='word_1_80' title='bbox 810 1361 843 1424; x_wconf 91' lang='lat' dir='ltr'><strong>p.</strong></span> <span class='ocrx_word' id='word_1_81' title='bbox 852 1340 928 1423; x_wconf 82' lang='lat'><strong>360.</strong></span> <span class='ocrx_word' id='word_1_82' title='bbox 943 1337 1072 1404; x_wconf 90' lang='lat' dir='ltr'><strong>initium</strong></span> 
     </span>
     <span class='ocr_line' id='line_1_11' title="bbox 60 1437 1071 1529; baseline 0.005 -26"><span class='ocrx_word' id='word_1_83' title='bbox 60 1441 177 1509; x_wconf 74' lang='lat' dir='ltr'><strong>citantez</strong></span> <span class='ocrx_word' id='word_1_84' title='bbox 200 1464 277 1508; x_wconf 86' lang='lat' dir='ltr'><strong>uam</strong></span> <span class='ocrx_word' id='word_1_85' title='bbox 299 1441 415 1507; x_wconf 82' lang='lat' dir='ltr'><strong>additis</strong></span> <span class='ocrx_word' id='word_1_86' title='bbox 437 1442 639 1529; x_wconf 70' lang='lat' dir='ltr'><strong>sequentibus</strong></span> <span class='ocrx_word' id='word_1_87' title='bbox 662 1444 740 1508; x_wconf 90' lang='lat' dir='ltr'><strong>item</strong></span> <span class='ocrx_word' id='word_1_88' title='bbox 761 1456 800 1507; x_wconf 88' lang='lat' dir='ltr'><strong>ut</strong></span> <span class='ocrx_word' id='word_1_89' title='bbox 821 1443 883 1507; x_wconf 91' lang='lat' dir='ltr'><strong>hoc</strong></span> <span class='ocrx_word' id='word_1_90' title='bbox 904 1437 989 1521; x_wconf 92' lang='lat' dir='ltr'><strong>loco,</strong></span> <span class='ocrx_word' id='word_1_91' title='bbox 1006 1467 1071 1508; x_wconf 88' lang='lat' dir='ltr'><strong>non</strong></span> 
     </span>
     <span class='ocr_line' id='line_1_12' title="bbox 10 1542 1072 1631; baseline 0.006 -26"><span class='ocrx_word' id='word_1_92' title='bbox 10 1590 12 1623; x_wconf 80' lang='lat'><strong>;</strong></span> <span class='ocrx_word' id='word_1_93' title='bbox 59 1542 101 1606; x_wconf 83' lang='lat' dir='ltr'><strong>nii</strong></span> <span class='ocrx_word' id='word_1_94' title='bbox 119 1566 190 1609; x_wconf 91' lang='lat' dir='ltr'><strong>cum</strong></span> <span class='ocrx_word' id='word_1_95' title='bbox 209 1544 373 1631; x_wconf 83' lang='lat' dir='ltr'>Euripidis</span> <span class='ocrx_word' id='word_1_96' title='bbox 394 1544 524 1610; x_wconf 88' lang='lat' dir='ltr'><strong>nomine</strong></span> <span class='ocrx_word' id='word_1_97' title='bbox 545 1545 648 1610; x_wconf 81' lang='lat' dir='ltr'>adfert</span> <span class='ocrx_word' id='word_1_98' title='bbox 672 1545 859 1610; x_wconf 81' lang='lat' dir='ltr'><strong>Plutarchus</strong></span> <span class='ocrx_word' id='word_1_99' title='bbox 881 1545 933 1608; x_wconf 92' lang='lat' dir='ltr'><strong>De</strong></span> <span class='ocrx_word' id='word_1_100' title='bbox 955 1545 1072 1611; x_wconf 87' lang='lat' dir='ltr'><strong>Solcrt.</strong></span> 
     </span>
     <span class='ocr_line' id='line_1_13' title="bbox 10 1630 1070 1734; baseline 0.005 -27"><span class='ocrx_word' id='word_1_101' title='bbox 10 1630 12 1707; x_wconf 74' lang='lat' dir='ltr'><strong>l</strong></span> <span class='ocrx_word' id='word_1_102' title='bbox 59 1644 182 1711; x_wconf 81' lang='lat' dir='ltr'><strong>Animal.</strong></span> <span class='ocrx_word' id='word_1_103' title='bbox 204 1666 238 1733; x_wconf 89' lang='lat' dir='ltr'><strong>p.</strong></span> <span class='ocrx_word' id='word_1_104' title='bbox 254 1662 330 1732; x_wconf 82' lang='lat'><strong>959.</strong></span> <span class='ocrx_word' id='word_1_105' title='bbox 345 1647 395 1710; x_wconf 78' lang='lat' dir='ltr'><strong>Dr</strong></span> <span class='ocrx_word' id='word_1_106' title='bbox 425 1645 519 1710; x_wconf 86' lang='lat' dir='ltr'><strong>vertit</strong></span> <span class='ocrx_word' id='word_1_107' title='bbox 540 1647 673 1711; x_wconf 81' lang='lat' dir='ltr'><strong>Grotius</strong></span> <span class='ocrx_word' id='word_1_108' title='bbox 694 1647 726 1709; x_wconf 87' lang='lat' dir='ltr'><strong>in</strong></span> <span class='ocrx_word' id='word_1_109' title='bbox 748 1647 914 1732; x_wconf 81' lang='lat' dir='ltr'><strong>Excerptie</strong></span> <span class='ocrx_word' id='word_1_110' title='bbox 937 1667 971 1732; x_wconf 90' lang='lat' dir='ltr'><strong>p.</strong></span> <span class='ocrx_word' id='word_1_111' title='bbox 985 1649 1070 1734; x_wconf 79' lang='lat'>369:</span> 
     </span>
     <span class='ocr_line' id='line_1_14' title="bbox 10 1714 1072 1834; baseline 0.007 -28"><span class='ocrx_word' id='word_1_112' title='bbox 10 1714 13 1833; x_wconf 68' lang='lat' dir='ltr'>f</span> <span class='ocrx_word' id='word_1_113' title='bbox 59 1747 204 1813; x_wconf 67' lang='lat' dir='ltr'><strong>enotuit</strong></span> <span class='ocrx_word' id='word_1_114' title='bbox 224 1747 458 1813; x_wconf 67' lang='lat' dir='ltr'>Valckenarius</span> <span class='ocrx_word' id='word_1_115' title='bbox 484 1746 621 1812; x_wconf 68' lang='lat' dir='ltr'><strong>natan.</strong></span> <span class='ocrx_word' id='word_1_116' title='bbox 648 1749 781 1833; x_wconf 83' lang='lat' dir='ltr'><strong>p.146=</strong></span> <span class='ocrx_word' id='word_1_117' title='bbox 814 1748 846 1811; x_wconf 74' lang='lat' dir='ltr'><strong>tn</strong></span> <span class='ocrx_word' id='word_1_118' title='bbox 872 1748 1072 1834; x_wconf 74' lang='lat' dir='ltr'><strong>Fragments</strong></span> 
     </span>
     <span class='ocr_line' id='line_1_15' title="bbox 10 1847 669 1939; baseline 0.008 -31"><span class='ocrx_word' id='word_1_119' title='bbox 10 1880 14 1939; x_wconf 56' lang='lat'><em>3</em></span> <span class='ocrx_word' id='word_1_120' title='bbox 59 1847 189 1913; x_wconf 83' lang='lat' dir='ltr'><strong>exhibuit</strong></span> <span class='ocrx_word' id='word_1_121' title='bbox 202 1847 404 1935; x_wconf 78' lang='lat' dir='ltr'><strong>Mufgraviun</strong></span> <span class='ocrx_word' id='word_1_122' title='bbox 416 1850 456 1913; x_wconf 88' lang='lat' dir='ltr'><strong>T.</strong></span> <span class='ocrx_word' id='word_1_123' title='bbox 472 1848 534 1912; x_wconf 93' lang='lat' dir='ltr'><strong>III.</strong></span> <span class='ocrx_word' id='word_1_124' title='bbox 551 1871 584 1935; x_wconf 91' lang='lat' dir='ltr'><strong>p.</strong></span> <span class='ocrx_word' id='word_1_125' title='bbox 593 1866 669 1933; x_wconf 82' lang='lat'><strong>540.</strong></span> 
     </span>
     <span class='ocr_line' id='line_1_16' title="bbox 10 1937 1073 2041; baseline 0.001 -29"><span class='ocrx_word' id='word_1_126' title='bbox 10 1948 14 2041; x_wconf 66' lang='lat' dir='ltr'><strong>l</strong></span> <span class='ocrx_word' id='word_1_127' title='bbox 94 1949 143 2035; x_wconf 87' lang='lat'><strong>98.</strong></span> <span class='ocrx_word' id='word_1_128' title='bbox 156 1952 197 2013; x_wconf 74' lang='lat' dir='ltr'><strong>E„</strong></span> <span class='ocrx_word' id='word_1_129' title='bbox 219 1948 498 2032; x_wconf 66' lang='grc' dir='ltr'><strong>ἓλίφοπος-θὸαμα</strong></span> <span class='ocrx_word' id='word_1_130' title='bbox 521 1951 767 2035; x_wconf 50' lang='grc' dir='ltr'><strong>πανηγυρικὸν-ἦ</strong></span> <span class='ocrx_word' id='word_1_131' title='bbox 808 1937 997 2014; x_wconf 78' lang='lat' dir='ltr'><strong>Plutarchus</strong></span> <span class='ocrx_word' id='word_1_132' title='bbox 1021 1951 1073 2014; x_wconf 88' lang='lat' dir='ltr'><strong>De</strong></span> 
     </span>
     <span class='ocr_line' id='line_1_17' title="bbox 10 2042 1072 2145; baseline 0.003 -33"><span class='ocrx_word' id='word_1_133' title='bbox 10 2062 13 2145; x_wconf 60' lang='lat' dir='ltr'><strong>I</strong></span> <span class='ocrx_word' id='word_1_134' title='bbox 58 2047 183 2113; x_wconf 83' lang='lat' dir='ltr'><strong>Solcrtia</strong></span> <span class='ocrx_word' id='word_1_135' title='bbox 206 2045 344 2117; x_wconf 79' lang='lat' dir='ltr'><strong>Animal.</strong></span> <span class='ocrx_word' id='word_1_136' title='bbox 365 2074 398 2139; x_wconf 89' lang='lat' dir='ltr'><strong>p.</strong></span> <span class='ocrx_word' id='word_1_137' title='bbox 413 2054 488 2140; x_wconf 82' lang='lat'><strong>968.</strong></span> <span class='ocrx_word' id='word_1_138' title='bbox 505 2055 544 2131; x_wconf 91' lang='lat' dir='ltr'><strong>B,</strong></span> <span class='ocrx_word' id='word_1_139' title='bbox 559 2053 607 2116; x_wconf 78' lang='lat' dir='ltr'><strong>Ct</strong></span> <span class='ocrx_word' id='word_1_140' title='bbox 632 2043 753 2116; x_wconf 71' lang='lat' dir='ltr'><strong>Plinius</strong></span> <span class='ocrx_word' id='word_1_141' title='bbox 773 2050 855 2116; x_wconf 89' lang='lat' dir='ltr'><strong>Hist.</strong></span> <span class='ocrx_word' id='word_1_142' title='bbox 878 2052 957 2117; x_wconf 86' lang='lat' dir='ltr'><strong>Nat.</strong></span> <span class='ocrx_word' id='word_1_143' title='bbox 977 2042 1072 2118; x_wconf 92' lang='lat' dir='ltr'><strong>VIII.</strong></span> 
     </span>
     <span class='ocr_line' id='line_1_18' title="bbox 10 2150 604 2253; baseline 0.005 -39"><span class='ocrx_word' id='word_1_144' title='bbox 10 2150 13 2253; x_wconf 57' lang='lat' dir='ltr'><strong>i</strong></span> <span class='ocrx_word' id='word_1_145' title='bbox 59 2169 92 2214; x_wconf 84' lang='lat'><strong>2:</strong></span> <span class='ocrx_word' id='word_1_146' title='bbox 111 2151 260 2215; x_wconf 82' lang='lat' dir='ltr'><strong>AElianua</strong></span> <span class='ocrx_word' id='word_1_147' title='bbox 274 2152 350 2217; x_wconf 79' lang='lat' dir='ltr'><strong>Nat.</strong></span> <span class='ocrx_word' id='word_1_148' title='bbox 365 2153 476 2216; x_wconf 87' lang='lat' dir='ltr'><strong>Anim.</strong></span> <span class='ocrx_word' id='word_1_149' title='bbox 492 2154 536 2217; x_wconf 92' lang='lat' dir='ltr'><strong>II.</strong></span> <span class='ocrx_word' id='word_1_150' title='bbox 555 2173 604 2217; x_wconf 91' lang='lat'><strong>11.</strong></span> 
     </span>
     <span class='ocr_line' id='line_1_19' title="bbox 90 2251 841 2340; baseline 0.003 -26"><span class='ocrx_word' id='word_1_151' title='bbox 90 2252 139 2336; x_wconf 83' lang='lat'><strong>98.</strong></span> <span class='ocrx_word' id='word_1_152' title='bbox 153 2253 190 2316; x_wconf 79' lang='lat' dir='ltr'><strong>F.</strong></span> <span class='ocrx_word' id='word_1_153' title='bbox 213 2255 259 2314; x_wconf 69' lang='lat'><strong>03</strong></span> <span class='ocrx_word' id='word_1_154' title='bbox 269 2256 330 2339; x_wconf 59' lang='grc' dir='ltr'><strong>γὰρ</strong></span> <span class='ocrx_word' id='word_1_155' title='bbox 342 2251 559 2338; x_wconf 58' lang='grc' dir='ltr'><strong>συγμᾶχομ]</strong></span> <span class='ocrx_word' id='word_1_156' title='bbox 583 2251 693 2340; x_wconf 82' lang='lat' dir='ltr'><strong>Odyff.</strong></span> <span class='ocrx_word' id='word_1_157' title='bbox 708 2255 751 2317; x_wconf 84' lang='grc' dir='ltr'><strong>Θ.</strong></span> <span class='ocrx_word' id='word_1_158' title='bbox 767 2253 841 2334; x_wconf 86' lang='lat'><strong>246.</strong></span> 
     </span>
     <span class='ocr_line' id='line_1_20' title="bbox 89 2351 1074 2440; baseline 0.001 -23"><span class='ocrx_word' id='word_1_159' title='bbox 89 2352 138 2438; x_wconf 86' lang='lat'><strong>98.</strong></span> <span class='ocrx_word' id='word_1_160' title='bbox 152 2354 188 2417; x_wconf 85' lang='lat' dir='ltr'><strong>F.</strong></span> <span class='ocrx_word' id='word_1_161' title='bbox 217 2357 294 2416; x_wconf 72' lang='lat' dir='ltr'><strong>zarai</strong></span> <span class='ocrx_word' id='word_1_162' title='bbox 313 2353 563 2440; x_wconf 73' lang='grc' dir='ltr'><strong>Ἀναξαγόςαν-]</strong></span> <span class='ocrx_word' id='word_1_163' title='bbox 599 2354 652 2418; x_wconf 90' lang='lat' dir='ltr'><strong>De</strong></span> <span class='ocrx_word' id='word_1_164' title='bbox 676 2352 896 2417; x_wconf 83' lang='lat' dir='ltr'><strong>constituenda</strong></span> <span class='ocrx_word' id='word_1_165' title='bbox 920 2351 1074 2439; x_wconf 82' lang='lat' dir='ltr'><strong>scriptura</strong></span> 
     </span>
     <span class='ocr_line' id='line_1_21' title="bbox 57 2451 1073 2541; baseline 0.005 -26"><span class='ocrx_word' id='word_1_166' title='bbox 57 2451 117 2516; x_wconf 77' lang='lat' dir='ltr'><strong>latia</strong></span> <span class='ocrx_word' id='word_1_167' title='bbox 135 2453 275 2517; x_wconf 72' lang='lat' dir='ltr'><strong>diximus</strong></span> <span class='ocrx_word' id='word_1_168' title='bbox 297 2453 331 2517; x_wconf 91' lang='lat' dir='ltr'><strong>in</strong></span> <span class='ocrx_word' id='word_1_169' title='bbox 354 2453 596 2518; x_wconf 83' lang='lat' dir='ltr'><strong>Emendatione.</strong></span> <span class='ocrx_word' id='word_1_170' title='bbox 633 2452 788 2518; x_wconf 85' lang='lat' dir='ltr'><strong>Placitum</strong></span> <span class='ocrx_word' id='word_1_171' title='bbox 810 2455 1011 2541; x_wconf 64' lang='lat' dir='ltr'><strong>Anaxagora</strong></span> <span class='ocrx_word' id='word_1_172' title='bbox 1032 2455 1073 2520; x_wconf 79' lang='lat' dir='ltr'><strong>fic</strong></span> 
     </span>
     <span class='ocr_line' id='line_1_22' title="bbox 10 2555 1071 2644; baseline 0.002 -24"><span class='ocrx_word' id='word_1_173' title='bbox 10 2576 12 2603; x_wconf 82' lang='lat'><strong>¹</strong></span> <span class='ocrx_word' id='word_1_174' title='bbox 56 2555 329 2644; x_wconf 82' lang='lat' dir='ltr'><strong>interpretandum,</strong></span> <span class='ocrx_word' id='word_1_175' title='bbox 346 2580 410 2622; x_wconf 91' lang='lat' dir='ltr'><strong>non</strong></span> <span class='ocrx_word' id='word_1_176' title='bbox 430 2572 469 2622; x_wconf 89' lang='lat' dir='ltr'><strong>ut</strong></span> <span class='ocrx_word' id='word_1_177' title='bbox 481 2559 575 2624; x_wconf 89' lang='lat' dir='ltr'><strong>bruta</strong></span> <span class='ocrx_word' id='word_1_178' title='bbox 589 2557 740 2622; x_wconf 83' lang='lat' dir='ltr'><strong>animalia</strong></span> <span class='ocrx_word' id='word_1_179' title='bbox 752 2558 873 2623; x_wconf 86' lang='lat' dir='ltr'><strong>ratione</strong></span> <span class='ocrx_word' id='word_1_180' title='bbox 889 2580 996 2623; x_wconf 87' lang='lat' dir='ltr'><strong>carere</strong></span> <span class='ocrx_word' id='word_1_181' title='bbox 1010 2561 1071 2623; x_wconf 85' lang='lat' dir='ltr'><strong>sta-</strong></span> 
     </span>
     <span class='ocr_line' id='line_1_23' title="bbox 57 2658 1072 2739; baseline 0.003 -18"><span class='ocrx_word' id='word_1_182' title='bbox 57 2660 162 2739; x_wconf 87' lang='lat' dir='ltr'><strong>tuerit;</strong></span> <span class='ocrx_word' id='word_1_183' title='bbox 184 2658 250 2738; x_wconf 87' lang='lat' dir='ltr'><strong>sed,</strong></span> <span class='ocrx_word' id='word_1_184' title='bbox 273 2673 310 2724; x_wconf 85' lang='lat' dir='ltr'><strong>ut</strong></span> <span class='ocrx_word' id='word_1_185' title='bbox 332 2659 489 2723; x_wconf 88' lang='lat' dir='ltr'><strong>rationem</strong></span> <span class='ocrx_word' id='word_1_186' title='bbox 510 2659 646 2739; x_wconf 81' lang='lat' dir='ltr'><strong>Iufitam,</strong></span> <span class='ocrx_word' id='word_1_187' title='bbox 670 2682 735 2724; x_wconf 89' lang='lat' dir='ltr'><strong>non</strong></span> <span class='ocrx_word' id='word_1_188' title='bbox 752 2660 831 2725; x_wconf 86' lang='lat' dir='ltr'><strong>item</strong></span> <span class='ocrx_word' id='word_1_189' title='bbox 852 2673 890 2723; x_wconf 90' lang='lat' dir='ltr'><strong>ut</strong></span> <span class='ocrx_word' id='word_1_190' title='bbox 911 2659 1072 2735; x_wconf 87' lang='lat' dir='ltr'><strong>homines,</strong></span> 
     </span>
     <span class='ocr_line' id='line_1_24' title="bbox 10 2760 1074 2847; baseline 0.007 -28"><span class='ocrx_word' id='word_1_191' title='bbox 10 2814 12 2819; x_wconf 81' lang='grc'>,</span> <span class='ocrx_word' id='word_1_192' title='bbox 56 2762 239 2847; x_wconf 82' lang='lat' dir='ltr'><strong>experientia</strong></span> <span class='ocrx_word' id='word_1_193' title='bbox 257 2774 292 2825; x_wconf 87' lang='lat' dir='ltr'><strong>ct</strong></span> <span class='ocrx_word' id='word_1_194' title='bbox 312 2762 467 2825; x_wconf 88' lang='lat' dir='ltr'><strong>memoria</strong></span> <span class='ocrx_word' id='word_1_195' title='bbox 489 2761 529 2824; x_wconf 82' lang='lat' dir='ltr'><strong>ad</strong></span> <span class='ocrx_word' id='word_1_196' title='bbox 550 2774 651 2826; x_wconf 86' lang='lat' dir='ltr'><strong>artem</strong></span> <span class='ocrx_word' id='word_1_197' title='bbox 672 2774 705 2825; x_wconf 90' lang='lat' dir='ltr'><strong>et</strong></span> <span class='ocrx_word' id='word_1_198' title='bbox 725 2761 911 2847; x_wconf 86' lang='lat' dir='ltr'><strong>sapientiam</strong></span> <span class='ocrx_word' id='word_1_199' title='bbox 930 2760 1074 2826; x_wconf 82' lang='lat' dir='ltr'><strong>excolere</strong></span> 
     </span>
     <span class='ocr_line' id='line_1_25' title="bbox 56 2858 1073 2947; baseline 0 -23"><span class='ocrx_word' id='word_1_200' title='bbox 56 2861 174 2945; x_wconf 79' lang='lat' dir='ltr'><strong>poffint3</strong></span> <span class='ocrx_word' id='word_1_201' title='bbox 197 2873 368 2946; x_wconf 87' lang='lat' dir='ltr'><strong>propterea</strong></span> <span class='ocrx_word' id='word_1_202' title='bbox 378 2858 466 2947; x_wconf 88' lang='lat' dir='ltr'><strong>qnod</strong></span> <span class='ocrx_word' id='word_1_203' title='bbox 480 2860 628 2925; x_wconf 76' lang='lat' dir='ltr'><strong>manibus</strong></span> <span class='ocrx_word' id='word_1_204' title='bbox 639 2874 673 2925; x_wconf 86' lang='lat' dir='ltr'><strong>et</strong></span> <span class='ocrx_word' id='word_1_205' title='bbox 687 2858 801 2924; x_wconf 87' lang='lat' dir='ltr'><strong>idonea</strong></span> <span class='ocrx_word' id='word_1_206' title='bbox 814 2859 855 2924; x_wconf 89' lang='lat' dir='ltr'><strong>ad</strong></span> <span class='ocrx_word' id='word_1_207' title='bbox 871 2859 961 2924; x_wconf 90' lang='lat' dir='ltr'><strong>illum</strong></span> <span class='ocrx_word' id='word_1_208' title='bbox 976 2859 1073 2924; x_wconf 88' lang='lat' dir='ltr'>finem</span> 
     </span>
     <span class='ocr_line' id='line_1_26' title="bbox 55 2959 1075 3048; baseline 0.002 -24"><span class='ocrx_word' id='word_1_209' title='bbox 55 2960 162 3027; x_wconf 82' lang='lat' dir='ltr'><strong>fabrica</strong></span> <span class='ocrx_word' id='word_1_210' title='bbox 182 2961 325 3048; x_wconf 74' lang='lat' dir='ltr'><strong>corporis</strong></span> <span class='ocrx_word' id='word_1_211' title='bbox 347 2976 511 3026; x_wconf 75' lang='lat' dir='ltr'><strong>carerentr</strong></span> <span class='ocrx_word' id='word_1_212' title='bbox 542 2960 659 3048; x_wconf 82' lang='lat' dir='ltr'><strong>quibus</strong></span> <span class='ocrx_word' id='word_1_213' title='bbox 683 2959 833 3048; x_wconf 78' lang='lat' dir='ltr'><strong>praeditos</strong></span> <span class='ocrx_word' id='word_1_214' title='bbox 859 2960 1005 3025; x_wconf 86' lang='lat' dir='ltr'><strong>homines</strong></span> <span class='ocrx_word' id='word_1_215' title='bbox 1032 2961 1075 3026; x_wconf 82' lang='lat' dir='ltr'><strong>ad</strong></span> 
     </span>
     <span class='ocr_line' id='line_1_27' title="bbox 55 3062 1074 3150; baseline 0 -22"><span class='ocrx_word' id='word_1_216' title='bbox 55 3078 170 3128; x_wconf 81' lang='lat' dir='ltr'><strong>tantum</strong></span> <span class='ocrx_word' id='word_1_217' title='bbox 191 3063 322 3128; x_wconf 77' lang='lat' dir='ltr'><strong>rationis</strong></span> <span class='ocrx_word' id='word_1_218' title='bbox 340 3062 466 3127; x_wconf 90' lang='lat' dir='ltr'><strong>cultum</strong></span> <span class='ocrx_word' id='word_1_219' title='bbox 487 3064 661 3149; x_wconf 83' lang='lat' dir='ltr'><strong>pervenire,</strong></span> <span class='ocrx_word' id='word_1_220' title='bbox 684 3078 723 3128; x_wconf 91' lang='lat' dir='ltr'><strong>ut</strong></span> <span class='ocrx_word' id='word_1_221' title='bbox 744 3062 899 3128; x_wconf 80' lang='lat' dir='ltr'><strong>brutiaad</strong></span> <span class='ocrx_word' id='word_1_222' title='bbox 917 3064 1004 3129; x_wconf 87' lang='lat' dir='ltr'><strong>suam</strong></span> <span class='ocrx_word' id='word_1_223' title='bbox 1020 3064 1074 3150; x_wconf 83' lang='lat' dir='ltr'><strong>ipfi</strong></span> 
     </span>
     <span class='ocr_line' id='line_1_28' title="bbox 10 3164 1073 3251; baseline -0.004 -18"><span class='ocrx_word' id='word_1_224' title='bbox 10 3222 12 3233; x_wconf 93' lang='lat'><strong>.</strong></span> <span class='ocrx_word' id='word_1_225' title='bbox 55 3166 240 3230; x_wconf 76' lang='lat' dir='ltr'><strong>voluntatem</strong></span> <span class='ocrx_word' id='word_1_226' title='bbox 261 3165 498 3250; x_wconf 77' lang='lat' dir='ltr'><strong>utilitatemque</strong></span> <span class='ocrx_word' id='word_1_227' title='bbox 516 3165 735 3229; x_wconf 80' lang='lat' dir='ltr'><strong>abuterentur.</strong></span> <span class='ocrx_word' id='word_1_228' title='bbox 770 3164 964 3251; x_wconf 88' lang='lat' dir='ltr'><strong>Hujusmodi</strong></span> <span class='ocrx_word' id='word_1_229' title='bbox 980 3166 1073 3229; x_wconf 82' lang='lat' dir='ltr'><strong>Ana·</strong></span> 
     </span>
     <span class='ocr_line' id='line_1_29' title="bbox 10 3260 1074 3354; baseline 0.003 -26"><span class='ocrx_word' id='word_1_230' title='bbox 10 3260 12 3265; x_wconf 72' lang='grc'><strong>’</strong></span> <span class='ocrx_word' id='word_1_231' title='bbox 54 3286 171 3354; x_wconf 76' lang='lat' dir='ltr'><strong>ragone</strong></span> <span class='ocrx_word' id='word_1_232' title='bbox 186 3265 275 3332; x_wconf 83' lang='lat' dir='ltr'><strong>fuiffe</strong></span> <span class='ocrx_word' id='word_1_233' title='bbox 286 3267 486 3345; x_wconf 86' lang='lat' dir='ltr'><strong>sententiam,</strong></span> <span class='ocrx_word' id='word_1_234' title='bbox 501 3267 683 3353; x_wconf 75' lang='lat' dir='ltr'><strong>colligimus</strong></span> <span class='ocrx_word' id='word_1_235' title='bbox 695 3266 909 3352; x_wconf 85' lang='lat' dir='ltr'><strong>comparando</strong></span> <span class='ocrx_word' id='word_1_236' title='bbox 924 3265 1074 3332; x_wconf 92' lang='lat' dir='ltr'><strong>hocloco</strong></span> 
     </span>
     <span class='ocr_line' id='line_1_30' title="bbox 54 3367 1075 3434; baseline 0.004 -4"><span class='ocrx_word' id='word_1_237' title='bbox 54 3388 120 3433; x_wconf 87' lang='lat' dir='ltr'><strong>eum</strong></span> <span class='ocrx_word' id='word_1_238' title='bbox 140 3368 309 3434; x_wconf 84' lang='lat' dir='ltr'><strong>Aristotele</strong></span> <span class='ocrx_word' id='word_1_239' title='bbox 330 3369 382 3432; x_wconf 87' lang='lat' dir='ltr'><strong>De</strong></span> <span class='ocrx_word' id='word_1_240' title='bbox 403 3370 485 3433; x_wconf 87' lang='lat' dir='ltr'><strong>Part.</strong></span> <span class='ocrx_word' id='word_1_241' title='bbox 508 3367 651 3433; x_wconf 86' lang='lat' dir='ltr'><strong>Animal.</strong></span> <span class='ocrx_word' id='word_1_242' title='bbox 666 3369 725 3433; x_wconf 90' lang='lat' dir='ltr'><strong>IV.</strong></span> <span class='ocrx_word' id='word_1_243' title='bbox 744 3387 794 3431; x_wconf 86' lang='lat'><strong>10.</strong></span> <span class='ocrx_word' id='word_1_244' title='bbox 830 3368 1002 3434; x_wconf 81' lang='lat' dir='ltr'><strong>Plutarcho</strong></span> <span class='ocrx_word' id='word_1_245' title='bbox 1022 3369 1075 3434; x_wconf 79' lang='lat' dir='ltr'><strong>De</strong></span> 
     </span>
     <span class='ocr_line' id='line_1_31' title="bbox 10 3469 1072 3579; baseline 0.003 -47"><span class='ocrx_word' id='word_1_246' title='bbox 10 3516 12 3579; x_wconf 42' lang='lat' dir='ltr'><strong><em>J</em></strong></span> <span class='ocrx_word' id='word_1_247' title='bbox 56 3469 129 3535; x_wconf 81' lang='lat' dir='ltr'><strong>Prat.</strong></span> <span class='ocrx_word' id='word_1_248' title='bbox 152 3472 267 3535; x_wconf 87' lang='lat' dir='ltr'><strong>Amor.</strong></span> <span class='ocrx_word' id='word_1_249' title='bbox 290 3491 323 3556; x_wconf 89' lang='lat' dir='ltr'><strong>p.</strong></span> <span class='ocrx_word' id='word_1_250' title='bbox 339 3470 414 3553; x_wconf 87' lang='lat'><strong>478.</strong></span> <span class='ocrx_word' id='word_1_251' title='bbox 430 3470 480 3534; x_wconf 88' lang='lat' dir='ltr'><strong>D:</strong></span> <span class='ocrx_word' id='word_1_252' title='bbox 512 3469 622 3533; x_wconf 89' lang='lat' dir='ltr'><strong>Placit.</strong></span> <span class='ocrx_word' id='word_1_253' title='bbox 648 3469 763 3535; x_wconf 91' lang='lat' dir='ltr'><strong>Philos.</strong></span> <span class='ocrx_word' id='word_1_254' title='bbox 778 3471 820 3534; x_wconf 91' lang='lat' dir='ltr'><strong>V.</strong></span> <span class='ocrx_word' id='word_1_255' title='bbox 837 3488 893 3535; x_wconf 83' lang='lat'><strong>20:</strong></span> <span class='ocrx_word' id='word_1_256' title='bbox 918 3492 982 3534; x_wconf 88' lang='lat' dir='ltr'><strong>non</strong></span> <span class='ocrx_word' id='word_1_257' title='bbox 1003 3490 1072 3535; x_wconf 88' lang='lat' dir='ltr'><strong>me·</strong></span> 
     </span>
    </p>
   </div>
   <div class='ocr_carea' id='block_1_5' title="bbox 10 3569 1090 3659">
    <p class='ocr_par' dir='ltr' id='par_1_5' title="bbox 10 3569 1090 3659">
     <span class='ocr_line' id='line_1_32' title="bbox 10 3569 1090 3659; baseline 0.002 -23"><span class='ocrx_word' id='word_1_258' title='bbox 10 3598 13 3659; x_wconf 77' lang='lat'>;</span> <span class='ocrx_word' id='word_1_259' title='bbox 57 3586 180 3651; x_wconf 81' lang='lat' dir='ltr'><strong>morata,</strong></span> <span class='ocrx_word' id='word_1_260' title='bbox 195 3570 284 3658; x_wconf 91' lang='lat' dir='ltr'><strong>quod</strong></span> <span class='ocrx_word' id='word_1_261' title='bbox 303 3570 411 3648; x_wconf 82' lang='lat' dir='ltr'><strong>sciam,</strong></span> <span class='ocrx_word' id='word_1_262' title='bbox 432 3569 545 3657; x_wconf 88' lang='lat' dir='ltr'><strong>Baylio</strong></span> <span class='ocrx_word' id='word_1_263' title='bbox 561 3569 593 3633; x_wconf 88' lang='lat' dir='ltr'><strong>in</strong></span> <span class='ocrx_word' id='word_1_264' title='bbox 606 3569 817 3650; x_wconf 75' lang='lat' dir='ltr'><strong>Difflonario,</strong></span> <span class='ocrx_word' id='word_1_265' title='bbox 835 3593 894 3637; x_wconf 88' lang='lat' dir='ltr'><strong>uec</strong></span> <span class='ocrx_word' id='word_1_266' title='bbox 909 3571 1090 3639; x_wconf 86' lang='lat' dir='ltr'><strong>Bruckero.</strong></span> 
     </span>
    </p>
   </div>
   <div class='ocr_carea' id='block_1_6' title="bbox 10 3668 1078 4444">
    <p class='ocr_par' dir='ltr' id='par_1_6' title="bbox 10 3668 1075 3959">
     <span class='ocr_line' id='line_1_33' title="bbox 10 3668 1074 3759; baseline 0.005 -27"><span class='ocrx_word' id='word_1_267' title='bbox 10 3672 12 3681; x_wconf 91' lang='lat'>&#39;</span> <span class='ocrx_word' id='word_1_268' title='bbox 56 3668 85 3734; x_wconf 90' lang='lat' dir='ltr'><strong>in</strong></span> <span class='ocrx_word' id='word_1_269' title='bbox 104 3673 184 3737; x_wconf 85' lang='lat' dir='ltr'><strong>I-IiII.</strong></span> <span class='ocrx_word' id='word_1_270' title='bbox 213 3670 296 3736; x_wconf 80' lang='lat' dir='ltr'><strong>crit.</strong></span> <span class='ocrx_word' id='word_1_271' title='bbox 322 3671 544 3756; x_wconf 84' lang='lat' dir='ltr'><strong>Philosophiae,</strong></span> <span class='ocrx_word' id='word_1_272' title='bbox 569 3672 709 3757; x_wconf 83' lang='lat' dir='ltr'><strong>quamvis</strong></span> <span class='ocrx_word' id='word_1_273' title='bbox 731 3672 798 3736; x_wconf 79' lang='lat' dir='ltr'><strong>susc</strong></span> <span class='ocrx_word' id='word_1_274' title='bbox 820 3671 859 3735; x_wconf 89' lang='lat' dir='ltr'><strong>de</strong></span> <span class='ocrx_word' id='word_1_275' title='bbox 882 3673 945 3737; x_wconf 89' lang='lat' dir='ltr'><strong>hoc</strong></span> <span class='ocrx_word' id='word_1_276' title='bbox 968 3673 1074 3759; x_wconf 81' lang='lat' dir='ltr'><strong>philo·</strong></span> 
     </span>
     <span class='ocr_line' id='line_1_34' title="bbox 10 3768 1075 3858; baseline 0.006 -26"><span class='ocrx_word' id='word_1_277' title='bbox 10 3768 13 3853; x_wconf 63' lang='grc' dir='ltr'>ζ</span> <span class='ocrx_word' id='word_1_278' title='bbox 56 3770 145 3858; x_wconf 85' lang='lat' dir='ltr'><strong>sopho</strong></span> <span class='ocrx_word' id='word_1_279' title='bbox 167 3772 409 3837; x_wconf 83' lang='lat' dir='ltr'><strong>differentibus:</strong></span> <span class='ocrx_word' id='word_1_280' title='bbox 438 3771 555 3857; x_wconf 86' lang='lat' dir='ltr'><strong>partim</strong></span> <span class='ocrx_word' id='word_1_281' title='bbox 577 3786 611 3836; x_wconf 91' lang='lat' dir='ltr'><strong>et</strong></span> <span class='ocrx_word' id='word_1_282' title='bbox 633 3771 728 3836; x_wconf 78' lang='lat' dir='ltr'><strong>verbo</strong></span> <span class='ocrx_word' id='word_1_283' title='bbox 752 3774 911 3858; x_wconf 69' lang='lat' dir='ltr'><strong>perstriela</strong></span> <span class='ocrx_word' id='word_1_284' title='bbox 935 3773 1075 3839; x_wconf 86' lang='lat' dir='ltr'><strong>Stanleio</strong></span> 
     </span>
     <span class='ocr_line' id='line_1_35' title="bbox 57 3868 680 3959; baseline 0.003 -27"><span class='ocrx_word' id='word_1_285' title='bbox 57 3868 131 3936; x_wconf 83' lang='lat' dir='ltr'><strong>Part.</strong></span> <span class='ocrx_word' id='word_1_286' title='bbox 143 3872 191 3936; x_wconf 91' lang='lat' dir='ltr'><strong>II.</strong></span> <span class='ocrx_word' id='word_1_287' title='bbox 215 3873 296 3959; x_wconf 87' lang='lat' dir='ltr'><strong>Cap.</strong></span> <span class='ocrx_word' id='word_1_288' title='bbox 313 3871 374 3935; x_wconf 91' lang='lat' dir='ltr'><strong>III.</strong></span> <span class='ocrx_word' id='word_1_289' title='bbox 397 3871 482 3936; x_wconf 71' lang='lat' dir='ltr'><strong>seu.</strong></span> <span class='ocrx_word' id='word_1_290' title='bbox 495 3872 537 3935; x_wconf 93' lang='lat' dir='ltr'><strong>V.</strong></span> <span class='ocrx_word' id='word_1_291' title='bbox 560 3894 592 3957; x_wconf 88' lang='lat' dir='ltr'><strong>p.</strong></span> <span class='ocrx_word' id='word_1_292' title='bbox 610 3891 680 3952; x_wconf 87' lang='lat'><strong>104.</strong></span> 
     </span>
    </p>

    <p class='ocr_par' dir='ltr' id='par_1_7' title="bbox 53 3972 1078 4364">
     <span class='ocr_line' id='line_1_36' title="bbox 91 3972 1074 4063; baseline -0.002 -25"><span class='ocrx_word' id='word_1_293' title='bbox 91 3993 123 4059; x_wconf 76' lang='lat' dir='ltr'><strong>p.</strong></span> <span class='ocrx_word' id='word_1_294' title='bbox 135 3997 190 4063; x_wconf 88' lang='lat'><strong>99.</strong></span> <span class='ocrx_word' id='word_1_295' title='bbox 206 3975 250 4038; x_wconf 85' lang='lat' dir='ltr'><strong>A.</strong></span> <span class='ocrx_word' id='word_1_296' title='bbox 273 3979 398 4062; x_wconf 60' lang='grc' dir='ltr'><strong>βραχεῖα</strong></span> <span class='ocrx_word' id='word_1_297' title='bbox 419 3980 494 4059; x_wconf 77' lang='grc' dir='ltr'><strong><em>σοφῷ</em></strong></span> <span class='ocrx_word' id='word_1_298' title='bbox 515 3975 589 4061; x_wconf 52' lang='grc' dir='ltr'><strong>τῆς.)</strong></span> <span class='ocrx_word' id='word_1_299' title='bbox 602 3972 802 4061; x_wconf 67' lang='lat' dir='ltr'><strong>oaptpnlnlu]</strong></span> <span class='ocrx_word' id='word_1_300' title='bbox 833 3977 974 4040; x_wconf 83' lang='lat' dir='ltr'><strong>Effatum</strong></span> <span class='ocrx_word' id='word_1_301' title='bbox 995 3974 1074 4058; x_wconf 87' lang='lat' dir='ltr'><strong>Epi·</strong></span> 
     </span>
     <span class='ocr_line' id='line_1_37' title="bbox 56 4074 1074 4160; baseline 0.003 -24"><span class='ocrx_word' id='word_1_302' title='bbox 56 4075 127 4138; x_wconf 85' lang='lat' dir='ltr'><strong>curi.</strong></span> <span class='ocrx_word' id='word_1_303' title='bbox 155 4075 288 4160; x_wconf 69' lang='lat' dir='ltr'><strong>Spectat</strong></span> <span class='ocrx_word' id='word_1_304' title='bbox 302 4074 415 4138; x_wconf 91' lang='lat' dir='ltr'><strong>eodem</strong></span> <span class='ocrx_word' id='word_1_305' title='bbox 432 4074 618 4138; x_wconf 85' lang='lat' dir='ltr'><strong>Plutarchus</strong></span> <span class='ocrx_word' id='word_1_306' title='bbox 632 4075 760 4139; x_wconf 71' lang='lat' dir='ltr'><strong>neten.</strong></span> <span class='ocrx_word' id='word_1_307' title='bbox 775 4075 869 4140; x_wconf 85' lang='lat' dir='ltr'><strong>Orac.</strong></span> <span class='ocrx_word' id='word_1_308' title='bbox 888 4096 921 4160; x_wconf 94' lang='lat' dir='ltr'><strong>p.</strong></span> <span class='ocrx_word' id='word_1_309' title='bbox 933 4094 1008 4159; x_wconf 86' lang='lat'><strong>423.</strong></span> <span class='ocrx_word' id='word_1_310' title='bbox 1026 4075 1074 4139; x_wconf 74' lang='lat' dir='ltr'><strong>Cr</strong></span> 
     </span>
     <span class='ocr_line' id='line_1_38' title="bbox 53 4174 1075 4262; baseline 0.005 -27"><span class='ocrx_word' id='word_1_311' title='bbox 53 4174 81 4235; x_wconf 80' lang='lat' dir='ltr'><strong>tl</strong></span> <span class='ocrx_word' id='word_1_312' title='bbox 96 4175 264 4260; x_wconf 68' lang='grc' dir='ltr'><strong>μικροτάτην</strong></span> <span class='ocrx_word' id='word_1_313' title='bbox 277 4174 365 4259; x_wconf 68' lang='grc' dir='ltr'><strong><em>τύχην</em></strong></span> <span class='ocrx_word' id='word_1_314' title='bbox 377 4175 584 4261; x_wconf 61' lang='lat' dir='ltr'><strong>mappulum.</strong></span> <span class='ocrx_word' id='word_1_315' title='bbox 627 4175 731 4238; x_wconf 80' lang='lat' dir='ltr'><strong>Exstat</strong></span> <span class='ocrx_word' id='word_1_316' title='bbox 752 4176 784 4239; x_wconf 86' lang='lat' dir='ltr'><strong>in</strong></span> <span class='ocrx_word' id='word_1_317' title='bbox 807 4175 892 4243; x_wconf 78' lang='lat' dir='ltr'><strong>illius</strong></span> <span class='ocrx_word' id='word_1_318' title='bbox 910 4175 1015 4262; x_wconf 75' lang='grc' dir='ltr'><strong><em>κυςῖαις</em></strong></span> <span class='ocrx_word' id='word_1_319' title='bbox 1031 4177 1075 4240; x_wconf 82' lang='lat' dir='ltr'><strong>lo&#39;·</strong></span> 
     </span>
     <span class='ocr_line' id='line_1_39' title="bbox 54 4272 1078 4364; baseline 0.006 -27"><span class='ocrx_word' id='word_1_320' title='bbox 54 4272 118 4352; x_wconf 66' lang='grc' dir='ltr'><strong>ξικ,</strong></span> <span class='ocrx_word' id='word_1_321' title='bbox 140 4275 175 4361; x_wconf 82' lang='lat'><strong>§.</strong></span> <span class='ocrx_word' id='word_1_322' title='bbox 193 4275 243 4338; x_wconf 87' lang='lat'><strong>16.</strong></span> <span class='ocrx_word' id='word_1_323' title='bbox 266 4273 355 4361; x_wconf 87' lang='lat' dir='ltr'><strong>apud</strong></span> <span class='ocrx_word' id='word_1_324' title='bbox 375 4272 557 4361; x_wconf 81' lang='lat' dir='ltr'><strong>Diogenem</strong></span> <span class='ocrx_word' id='word_1_325' title='bbox 583 4275 748 4342; x_wconf 83' lang='lat' dir='ltr'><strong>laertium</strong></span> <span class='ocrx_word' id='word_1_326' title='bbox 770 4276 812 4340; x_wconf 89' lang='lat' dir='ltr'><strong>X.</strong></span> <span class='ocrx_word' id='word_1_327' title='bbox 839 4295 919 4357; x_wconf 76' lang='lat'><em>144²</em></span> <span class='ocrx_word' id='word_1_328' title='bbox 949 4281 1078 4364; x_wconf 64' lang='lat' dir='ltr'><strong>Bpaxnia</strong></span> 
     </span>
    </p>

    <p class='ocr_par' dir='ltr' id='par_1_8' title="bbox 95 4393 612 4444">
     <span class='ocr_line' id='line_1_40' title="bbox 95 4393 612 4444; baseline 0 -4"><span class='ocrx_word' id='word_1_329' title='bbox 95 4394 183 4443; x_wconf 80' lang='lat' dir='ltr'><strong>vot.</strong></span> <span class='ocrx_word' id='word_1_330' title='bbox 201 4393 255 4444; x_wconf 83' lang='lat' dir='ltr'><strong>vr.</strong></span> <span class='ocrx_word' id='word_1_331' title='bbox 553 4396 577 4442; x_wconf 89' lang='lat' dir='ltr'>x</span> <span class='ocrx_word' id='word_1_332' title='bbox 591 4397 612 4439; x_wconf 86' lang='lat' dir='ltr'>x</span> 
     </span>
    </p>
   </div>
   <div class='ocr_carea' id='block_1_7' title="bbox 1164 4494 1292 4616">
    <p class='ocr_par' dir='ltr' id='par_1_9' title="bbox 1164 4494 1292 4616">
     <span class='ocr_line' id='line_1_41' title="bbox 1164 4494 1292 4616; baseline 0 0"><span class='ocrx_word' id='word_1_333' title='bbox 1164 4494 1292 4616; x_wconf 75' lang='grc' dir='ltr'><strong>Ι·</strong></span> 
     </span>
    </p>
   </div>
   <div class='ocr_carea' id='block_1_8' title="bbox 0 0 1354 4928">
    <p class='ocr_par' dir='ltr' id='par_1_10' title="bbox 0 0 1354 4928">
     <span class='ocr_line' id='line_1_42' title="bbox 0 0 1354 4928; baseline 0 0"><span class='ocrx_word' id='word_1_334' title='bbox 0 0 1354 4928; x_wconf 95' lang='lat' dir='ltr'><strong> </strong></span> 
     </span>
    </p>
   </div>
  </div>
 </body>
</html>
