2700 4928
345 105 563 170 eumcum
575 109 845 172 contueatur.
864 129 892 186 p.
903 116 967 191 144.
976 110 1009 170 B.
1128 116 1186 185 897

156 260 282 352 susm:
306 267 382 334 hinc
403 284 437 335 et
453 272 565 338 fesium
579 278 617 336 rai
628 272 742 360 Σκίρια.
765 271 887 348 Altera,
905 275 931 335 ir
943 276 977 358 τῇ
988 269 1098 357 Ῥαρῐᾳ,
1113 270 1185 337 loco

155 365 240 431 item
260 369 421 437 celebrato
443 374 567 437 Cereris
588 386 622 438 et
643 373 771 437 nomine
790 385 824 437 et
845 371 954 452 cultu3
977 372 1095 456 dequo
1114 370 1186 434 satis

156 468 254 532 nobis
276 472 320 533 est
340 470 475 536 laudasse
496 474 530 538 J.
546 474 719 538 Meursrum
741 474 792 538 De
815 477 926 559 Regno
946 472 1069 536 Athen.
1090 470 1184 552 1.14.

157 587 193 652 p.
209 571 265 654 69.
288 571 352 658 seq.
376 586 410 637 et
431 575 475 640 D.
492 575 721 640 Ruhnkenium
744 576 784 640 ad
804 577 972 662 Hymnum
986 573 1019 638 in
1035 572 1185 639 Cererem

155 689 236 754 450.
271 673 390 751 Tertia,
411 677 460 738 sei
479 675 580 753 Πέλιν,
599 675 783 761 scripturam
799 675 972 741 nonhabet
987 675 1058 740 satis
1073 675 1183 761 explo-

156 786 279 836 ratam:
304 795 363 837 nec
379 775 465 850 Πέλις
479 775 510 839 in
525 776 636 840 Attica
650 776 739 839 locus
756 777 902 861 cuiquam
918 789 1127 840 memoratus:
1151 775 1184 840 in

157 870 291 958 vulgata
304 887 411 939 tamen
427 877 488 940 hac
503 876 603 940 nostra
617 892 765 962 excerpta
780 875 926 941 codicum
942 889 976 940 et
990 876 1101 964 reliqui
1113 876 1185 941 libri

157 974 375 1053 consentiunt,
397 992 531 1062 excepta
552 977 723 1055 Bafileenfi,
745 976 838 1064 cujus
859 978 901 1041 est
921 978 970 1040 ὑπὸ
988 977 1078 1056 πόλιν,
1097 976 1184 1064 quod

158 1073 303 1160 sequitur
322 1075 486 1162 Xylander
503 1099 576 1141 cum
591 1078 624 1140 in
638 1079 752 1141 Graeca
765 1077 916 1155 editione,
931 1093 1001 1141 tum
1021 1077 1053 1140 in
1072 1078 1185 1143 Latina

157 1172 433 1262 interpretatione,
455 1177 590 1251 reddens
601 1180 661 1264 stab
688 1179 748 1265 iffiz
769 1178 852 1256 urbe,
874 1179 1133 1267 itemAmyotus
1152 1194 1185 1245 et

158 1275 348 1341 Cmserius:
376 1291 410 1343 ct
430 1280 695 1358 Hemsierhufius‚
718 1264 810 1366 cujus
832 1278 1012 1365 exemplum
1037 1278 1185 1346 editionis

160 1375 325 1443 Plutarchi
339 1377 463 1443 duobus
478 1379 691 1444 voluminibus
709 1380 820 1444 formae
834 1378 978 1443 maximae
1000 1379 1074 1444 anni
1092 1399 1183 1467 1599.

156 1479 237 1555 ,raris
252 1478 334 1543 illud
355 1492 388 1544 et
408 1480 589 1545 brevissimis
602 1480 667 1544 fere
683 1503 747 1544 uno
762 1481 856 1544 verbo
876 1479 1052 1566 significatis
1066 1481 1185 1547 notulis
1206 1529 1210 1536 ·

161 1579 345 1666 preditum,
368 1581 519 1666 exipsius
542 1580 688 1646 audione
707 1581 791 1644 erni:
818 1580 870 1644 hic
891 1579 989 1666 igitur
1009 1581 1125 1646 Latina
1144 1583 1184 1648 sic

162 1681 310 1759 mutavit,
321 1681 382 1768 sub
404 1681 496 1769 ipsam
519 1706 633 1760 arcem3
659 1681 776 1745 scilicet
797 1679 883 1766 quod
904 1680 990 1754 πόλις
1012 1682 1186 1768 antiquitus

163 1779 401 1862 urxdiceretur3
417 1795 455 1846 ut
469 1782 532 1868 ipse
548 1781 676 1847 tradidit
687 1780 728 1845 ad
737 1781 954 1867 Aristophanis
969 1781 1096 1847 Plutum
1111 1800 1184 1868 772.

163 1880 366 1968 Quamquam
382 1882 442 1945 hac
455 1883 487 1946 in
502 1882 656 1949 sententia
668 1881 800 1946 omnino
814 1881 971 1967 requiram
987 1866 1184 1965 slrticulum,

163 1983 210 2044 iri
222 1984 272 2059 τὴν
285 1981 376 2066 πόλιν,
390 1983 562 2068 praesertim
582 1982 614 2046 in
638 1981 818 2059 Plutarcho,
836 1981 891 2068 qui
910 1981 948 2045 src
967 1982 1065 2047 solet:
1088 1982 1186 2049 veluti

164 2080 238 2147 Fab.
250 2083 342 2146 Max.
358 2084 474 2169 p.185.
487 2085 526 2146 E.
544 2084 614 2146 186.
628 2086 662 2147 F.
691 2083 798 2170 Agide
812 2102 931 2169 p.193.
946 2072 985 2150 Ε.
1008 2084 1096 2150 Sulla
1108 2089 1184 2173 465.
1259 2080 1263 2087 ’

156 2181 214 2250 .οτ
237 2196 272 2248 et
287 2205 362 2248 cum
377 2184 446 2249 aliis
461 2184 652 2248 nominibus.
667 2207 696 2246 v.
707 2207 735 2248 c.
758 2185 825 2249 Vit.
844 2204 914 2269 134.
929 2186 971 2248 A.
992 2200 1067 2270 325.
1082 2189 1120 2253 Ε.
1135 2189 1185 2252 ὑπὸ

162 2283 207 2348 riv
227 2289 410 2370 Κιθαιρῶναε
436 2285 574 2350 similiter
594 2285 669 2369 326.
684 2287 722 2348 E.
744 2304 820 2370 343.
835 2287 873 2348 Ε.
897 2287 1024 2374 347.Β.
1048 2309 1123 2372 449.
1139 2290 1184 2354 D.

161 2387 237 2469 461.
249 2386 295 2451 D.
307 2388 383 2466 462.
395 2386 435 2451 C.
450 2388 525 2471 463.
539 2388 581 2449 Α.
598 2386 671 2471 839.
684 2389 727 2449 A.
743 2403 816 2472 970.
829 2387 872 2450 D.
896 2404 969 2472 973.
982 2388 1025 2451 D.
1054 2391 1099 2453 H.
1112 2392 1185 2454 Ste-

162 2485 286 2571 phanus
299 2488 393 2551 Thes.
408 2489 446 2552 L.
462 2488 520 2551 Gr.
533 2489 571 2550 T.
588 2487 615 2548 Ι.
637 2507 670 2571 p.
687 2504 746 2570 743
760 2511 768 2551 r
793 2493 817 2525 “
833 2486 980 2569 Βεζύγιον,
994 2487 1050 2573 qui
1064 2501 1097 2552 ct
1113 2489 1185 2552 Pel·

164 2593 187 2626 “
202 2587 241 2651 tis
262 2602 406 2666 vocatus,
429 2587 484 2651 ubi
506 2587 715 2650 Athenienses
739 2586 798 2651 esse
818 2586 966 2654 dicebant
988 2587 1114 2655 tertiam
1137 2587 1185 2652 sa-

165 2694 188 2731 “
200 2710 287 2753 cram
310 2688 503 2752 arationem:
536 2702 573 2752 ut
596 2686 706 2751 eadem
729 2686 816 2775 vulg.
841 2685 863 2751 l.
889 2687 1019 2753 tradunt
1040 2711 1079 2753 ex
1101 2688 1185 2755 Plut.

140 2784 143 2789 ’
165 2788 372 2875 “Nuptias''
397 2789 453 2853 ubi
473 2790 624 2875 scriptura
644 2789 735 2853 Pestis
760 2788 867 2874 potius
888 2789 929 2851 ab
949 2810 1053 2854 errore
1075 2789 1186 2857 novitii

164 2887 373 2978 descriptoris,
390 2913 486 2977 quarn
508 2892 548 2954 ab
569 2889 757 2955 austeritate
780 2889 910 2968 codicis,
925 2889 1036 2957 venisse
1051 2890 1185 2959 videtur.

167 2990 203 3083 lu
216 2992 361 3061 Ausonio
381 2991 477 3079 Epist.
492 2992 569 3055 XX.
584 3008 645 3074 47:
678 2991 873 3077 Triptolemon
889 2988 967 3070 olim,
979 2992 1049 3077 five
1063 2993 1185 3080 Epime-

168 3091 259 3157 uidem
272 3104 391 3170 vocans,
412 3093 479 3154 Aut
497 3090 670 3154 Tullianum
690 3091 855 3178 Buzygenr,
877 3092 939 3155 Tuo
961 3091 1058 3157 locabo
1080 3091 1186 3181 postfe-

169 3193 267 3256 rendos
280 3190 409 3257 nomini:
432 3192 559 3254 Nomen
581 3189 710 3276 quidem
731 3188 901 3257 Tullianam
922 3212 961 3254 ex
985 3192 1186 3257 antecedenti

168 3288 258 3359 Tullii
262 3293 500 3379 frumentariam
516 3309 635 3357 temere
650 3304 763 3356 natum
775 3291 898 3361 dicam:
923 3293 964 3357 1s.
975 3293 1098 3359 voffius
1112 3317 1184 3359 mu-

172 3395 241 3460 tarit
261 3395 294 3460 in
317 3393 494 3474 Baliarium,
519 3417 540 3458 a
559 3394 663 3472 Bulia,
689 3405 727 3456 ut
751 3392 866 3478 inquit,
893 3392 1019 3458 civitate
1045 3395 1183 3473 Atticae3

174 3514 259 3579 quam
273 3518 344 3561 vere
359 3519 424 3560 uon
439 3497 555 3563 statuo:
579 3508 665 3561 certe
680 3509 713 3560 et
728 3495 886 3561 Plutarchi
900 3499 948 3559 ὑπὸ
964 3496 1052 3559 listis
1066 3511 1099 3562 et
1112 3498 1183 3560 Au-

175 3594 241 3666 sonii
252 3597 447 3685 Tullianum,
459 3598 603 3682 quamvis
618 3595 740 3662 sortasse
754 3612 914 3684 corrupta,
927 3611 1032 3662 tamen
1047 3595 1087 3663 ad
1101 3595 1185 3689 ejus-

176 3694 238 3762 dem
248 3699 313 3765 loci
326 3700 583 3786 significationem
598 3699 768 3784 pertinere,
782 3698 898 3762 dicam.

212 3819 279 3884 144.
295 3802 335 3866 Β.
357 3801 500 3885 Σοφοκλῆς
515 3800 647 3886 εὔκαρπον
663 3802 869 3886 Κυθῆρααμ]
895 3803 944 3864 Ex
964 3797 1129 3885 deperdito
1150 3813 1184 3864 et

177 3897 285 3967 incerto
296 3902 455 3989 dramate:
471 3902 546 3966 hinc
557 3903 589 3966 in
600 3902 718 3997 lexico
728 3901 906 3989 Sophocleo
920 3900 1021 3987 posuit
1035 3900 1182 3968 anck-

213 4020 364 4065 vouvr.
442 4021 463 4027 ··
493 4023 496 4028 ·
532 4016 611 4029 ‘³‘
661 4022 721 4086 3m
