2700 4928
177 348 236 406 666
324 349 362 408 D.
375 349 425 407 W.
446 350 652 410 ANIMADV.
672 351 718 412 IN
740 351 968 412 PLUTARCHI
989 350 1062 409 Lm.

176 529 236 574 uec
250 508 291 573 ad
306 509 519 577 imitationem
538 512 671 577 referam
690 512 813 579 didlum
835 509 973 579 Platonis
995 506 1149 599 ng.'lV:
1163 526 1197 596 p.

174 625 250 695 597.
267 612 309 675 G.
326 624 360 676 et
380 613 442 699 seq.
478 616 521 678 Et
536 636 593 679 nos
607 615 793 680 sententiam
813 626 1105 702 argumentumque
1123 615 1197 677 atti·

174 711 281 796 gimus
296 712 327 775 in
344 714 528 779 Praefatione
549 714 590 779 ad
612 716 670 779 has
689 714 981 780 Animadversrones
997 711 1199 807 Plutarcheas

176 832 208 896 p.
225 813 262 879 8:
286 813 400 899 quibus
412 814 571 883 addantur
588 829 699 883 notata
714 818 747 885 J.
762 816 875 883 Davifii
891 814 932 879 ad
947 810 1113 884 Ciceronis
1131 810 1155 877 l.
1168 833 1199 876 c.

173 914 226 978 De
248 913 454 1000 Theophrasti
480 916 669 981 Callisthene
692 917 759 1003 post
782 919 814 982 J.
836 915 1009 983 Meursrum
1034 914 1067 979 in
1089 914 1196 980 Theo·

172 1013 298 1099 phrasto
312 1016 398 1079 LVI.
422 1038 455 1102 p.
468 1035 523 1101 32.
546 1016 692 1103 quaedam
712 1016 785 1082 inde
805 1018 908 1081 sumta
924 1015 1102 1082 attulerunt
1122 1017 1196 1079 Me·

173 1114 286 1201 nagius
307 1114 348 1179 ad
365 1116 463 1204 Diog.
480 1118 587 1182 laert.
603 1118 645 1181 V.
660 1136 714 1199 44.
737 1131 771 1182 et
792 1117 951 1183 Fabricius
971 1116 1055 1181 Bibl.
1078 1117 1136 1180 Gr.
1151 1115 1195 1178 11.

171 1238 204 1303 P·
222 1235 294 1303 249.

213 1336 265 1404 97.
277 1320 316 1383 C.
339 1325 369 1383 ἐκ
382 1321 469 1405 τύχης
485 1320 530 1401 aa)
543 1325 587 1385 διὰ
600 1322 701 1408 τύχην]
720 1320 852 1408 Aliquid
863 1320 1009 1384 efficaciae
1024 1317 1196 1407 significare

170 1420 271 1484 voluit
292 1421 353 1485 hac
376 1422 541 1486 iteratione
564 1422 766 1487 Plutarchus:
790 1427 822 1485 ἐκ
842 1422 930 1508 τύχης
949 1420 1083 1507 dixi-tin
1099 1420 1194 1486 Cice-

170 1543 247 1585 rone
262 1543 295 1607 p.
311 1521 384 1606 883.
399 1525 515 1587 Erlul
528 1523 627 1608 τύχην,
642 1522 731 1608 quod
746 1521 857 1604 iciam,
877 1522 1033 1608 nusquam
1045 1521 1101 1586 nifi
1120 1544 1194 1608 pro·

168 1619 253 1684 xime
267 1635 299 1683 et
313 1638 365 1705 97.
379 1622 410 1684 D
424 1646 432 1684 r
456 1642 514 1705 pro
528 1620 583 1684 illo
598 1621 744 1707 usurpare
759 1622 836 1686 solet
851 1625 904 1686 ἀπὸ
917 1622 1024 1708 τόχηςς
1048 1642 1106 1707 pro
1120 1619 1195 1702 hoc,

168 1725 245 1783 κατὰ
264 1721 363 1806 τύχην.
400 1721 463 1786 Sed
477 1725 520 1784 διὰ
534 1721 622 1807 τύχην
635 1743 732 1808 quam
747 1722 811 1786 rim
827 1723 880 1786 hic
901 1722 1027 1801 habeat,
1042 1742 1107 1786 non
1122 1722 1195 1789 satis

168 1822 272 1908 primo
291 1823 408 1887 obtutu
421 1836 564 1909 apparet.
595 1821 759 1910 Xylander
773 1823 875 1888 reddit
891 1835 1011 1912 propter
1020 1822 1194 1910 fortunam,

168 1921 240 1989 sane
255 1922 480 2008 proprietatem
498 1922 641 1987 secutus:
666 1945 739 1986 nam
755 1923 798 1986 διά
810 1950 837 1987 τι
858 1936 948 1988 notat
965 1922 1101 1988 caudam
1121 1946 1194 1987 mo·

167 2038 306 2102 ventem,
327 2037 545 2119 propterquam
560 2023 638 2110 quid
656 2023 811 2088 facimus:
834 2025 878 2086 ns
893 2049 973 2102 τινος,
992 2038 1047 2110 per
1064 2023 1194 2112 aliquid,

168 2125 305 2190 causs'am
327 2126 522 2189 instrumenti
543 2127 614 2190 loco
632 2124 785 2204 habitam,
808 2147 975 2212 perquam
995 2124 1073 2219 quid
1094 2125 1194 2191 effici·

165 2248 249 2290 mus.
287 2226 391 2310 Igitur
412 2227 473 2290 hoe
495 2227 567 2290 loco
588 2229 632 2289 lul
652 2227 740 2312 τύχην
760 2242 828 2290 erat
847 2225 976 2312 quidem
999 2249 1039 2290 ex
1062 2226 1093 2291 vi
1112 2250 1192 2293 con,

165 2325 341 2397 structionis
354 2325 575 2412 accipiendum
586 2338 705 2413 propter
706 2327 868 2412 fortunam
879 2353 889 2389 .·
912 2339 946 2392 at
958 2326 1114 2397 sententia
1127 2327 1194 2414 ipsa

163 2425 301 2513 postulat
324 2425 455 2491 alteram
482 2426 645 2491 notionem
671 2430 715 2491 διὰ
742 2429 842 2513 τύχης,
869 2442 922 2514 per
939 2426 1113 2513 fortunam,
1135 2441 1193 2494 aut

163 2528 217 2591 ἀπὸ
238 2527 338 2612 τύχης,
357 2527 494 2591 caudam
515 2527 716 2595 efficientem.
751 2530 823 2595 Neo
846 2542 952 2595 tamen
972 2543 1084 2616 putem
1099 2529 1189 2596 plut.

162 2629 296 2697 archum
311 2632 354 2691 διὰ
366 2630 454 2714 τύχης
470 2629 631 2715 scripsrlse3
654 2630 772 2716 quippe
788 2631 841 2716 qui
856 2633 900 2694 lui
911 2652 987 2695 cum
1000 2632 1191 2698 Accusatiro

162 2729 295 2799 subinde
317 2751 375 2816 pro
396 2730 434 2791 ab
448 2729 558 2797 cauffae
580 2729 952 2816 efficientifignificandre
970 2728 1123 2796 adhibet:
1146 2730 1192 2797 ita
1219 2766 1222 2771 ·

161 2846 200 2895 ut
213 2830 301 2895 fimul
317 2829 405 2894 notio
420 2831 463 2893 διά
475 2856 555 2907 τινος,
569 2845 622 2916 per
631 2830 758 2916 aliquid,
775 2830 808 2894 id
822 2830 875 2909 est,
889 2828 1084 2917 instrumenti,
1098 2845 1133 2897 et
1146 2834 1191 2897 ut

158 2961 199 3012 rr,
213 2946 329 3022 propter
342 2933 470 3020 aliquid,
488 2933 587 3012 idest,
608 2934 715 3019 cauffo
727 2932 910 2998 voluntalem
923 2935 1077 3013 mouentis,
1092 2934 1188 3000 intel·

159 3036 288 3124 ligatur.
325 3036 377 3102 Sic
391 3036 422 3099 in
438 3038 524 3122 Opp.
541 3037 627 3101 Mor.
643 3057 676 3121 p.
688 3051 760 3119 170.
771 3037 811 3100 E.
829 3032 952 3121 179.D.
972 3037 1043 3100 181.
1057 3036 1096 3102 B.
1113 3055 1203 3126 195„

160 3140 196 3204 F.
221 3141 292 3225 196.
309 3141 343 3204 P.
367 3158 441 3205 201.
456 3141 499 3203 A.

201 3257 254 3326 97.
269 3241 309 3305 C.
330 3239 490 3326 Ἀςιςεὶδης]
517 3239 704 3304 Plutarchus
718 3237 853 3306 Aristide
869 3260 910 3325 p..
916 3259 992 3325 334.
1007 3239 1046 3304 B.
1062 3253 1096 3306 et
1106 3243 1187 3326 318.

159 3341 204 3407 D.
217 3340 273 3406 uhi
287 3341 470 3426 opinionem
481 3340 638 3406 Demetrii
653 3339 800 3404 Phalerei
808 3354 1028 3426 paupertatem
1042 3342 1188 3409 Aristidis

157 3441 191 3509 io
211 3441 346 3509 dubium
360 3441 501 3506 vocantis
516 3440 651 3506 refellet.
683 3440 787 3504 Corn.
802 3440 914 3527 Nepos
926 3440 958 3505 in
972 3441 1108 3508 Aristide
1123 3445 1187 3511 111.

158 3563 199 3610 2:
230 3543 292 3609 Hic
312 3569 372 3632 qua
382 3544 485 3630 fimi}
504 3541 689 3629 abstinentia,
712 3541 827 3609 nullum
848 3542 1011 3628 estcertius
1033 3542 1186 3626 indicium,

155 3669 245 3733 quam
257 3645 348 3731 quod,
360 3670 449 3732 quum
462 3644 554 3708 tantis
567 3643 654 3707 rebus
673 3643 847 3730 praefuiffel‚
862 3643 894 3706 in
908 3655 995 3707 tanto
1013 3656 1188 3730 paupertate

155 3744 279 3831 deceffl,
294 3757 328 3810 ut
342 3745 393 3832 qui
407 3745 572 3833 fimatur,
584 3744 642 3808 vix
657 3743 819 3830 reliquerit.
856 3743 922 3822 Ubi
936 3744 1027 3829 plura
1040 3743 1120 3810 daut
1133 3745 1184 3810 in·

156 3863 204 3914 ter
227 3861 321 3914 retes.
1175 3891 1180 3903 .

195 3870 250 4034 ᾧ.
264 3949 304 4014 C.
326 3947 449 4016 Saule
465 3947 635 4034 Καρχηδόνα
647 3945 717 4010 ἔλων
731 3948 802 4010 οὐδὲν
815 3945 872 4011 οὔτ’
886 3945 983 4011 trado
993 3946 1050 4011 ode
1065 3947 1116 4012 sldr
1129 3957 1185 4023 nir

153 4049 293 4136 λαφύρων]
318 4051 370 4116 De
388 4048 550 4133 scripturae
570 4047 702 4112 veritate
727 4047 845 4112 certius
866 4048 959 4113 nobis
975 4046 1122 4135 judicare
1142 4050 1183 4115 li·

137 4162 253 4232 poeret,
276 4148 488 4234 fi.supereffet
511 4147 671 4234 Scipionis
692 4149 857 4213 AEmiliani
879 4150 944 4213 vita·
964 4172 984 4214 a
1009 4149 1183 4217 Plutarcho

154 4245 282 4332 scripta:
307 4269 392 4317 nunc
410 4262 445 4314 et
465 4247 537 4314 boo
549 4263 584 4314 et
598 4247 763 4337 Polybiani
776 4262 810 4316 et
824 4249 945 4317 Liviani
955 4271 1094 4336 operum
1109 4270 1182 4340 paro
1195 4314 1199 4320 .
1214 4234 1218 4243 ¹
