2700 4928
38 344 41 351 ‘
158 350 236 406 101⁰
304 346 946 410 D.W.AN1Manv.1N1³wraucm
968 351 1045 409 Llll.

158 521 263 573 metur
275 507 418 572 -Μόνον
441 508 732 586 clarimontensis
747 517 844 597 σαυτῷ
861 517 976 591 cousin
997 513 1113 578 Jnvsnt
1124 507 1173 573 ali·

156 607 235 695 quid
250 608 400 677 codices:
421 611 443 696 a}
458 611 615 676 omittunt
631 612 757 700 Collcg.
778 614 864 677 Nor.
880 612 991 678 Mosc.
1010 633 1041 678 1.
1051 631 1081 680 s.
1096 610 1171 677 Harl

157 708 235 772 Ald.
250 711 319 773 Bas.
336 709 412 796 Xyl.
427 725 461 775 et
475 734 533 797 pro
547 720 656 797 σεαυτῷ
669 712 723 777 dat
737 715 782 778 D.
798 717 885 799 αὐτῷ.

201 812 273 874 166.
289 811 327 873 Β.
350 813 395 874 τὸν
408 810 486 875 ὕπνον
499 819 522 875 al
536 814 757 899 θεοὶ-ἔδοσαν]
785 810 872 878 Hinc
887 813 1028 878 Grotius
1040 813 1134 878 sumlit
1144 811 1169 875 in

155 912 309 995 Excerpt.
331 913 426 998 Trag.
451 916 566 979 Incert.
590 936 623 1000 p.
637 917 713 999 4⁶5·
734 916 780 978 τὸν
800 919 859 1002 γὰρ
877 912 959 979 ὄκνον
979 921 1005 979 ol
1024 916 1081 980 tul
1095 913 1169 990 Λῖνὴν

157 1019 250 1074 κακῶν
266 1012 423 1076 {laxare—
443 1035 626 1099 perperam:
644 1015 715 1079 sunt
730 1013 815 1079 enim
835 1014 932 1102 ipfiua
949 1016 1048 1081 serbe
1067 1014 1167 1080 Plutar-

12 1170 17 1181 .
155 1111 221 1176 chi.
258 1114 352 1177 Hanc
376 1113 597 1178 Plutarcheam
615 1114 868 1180 admonitionem
889 1131 1073 1202 opportune
1089 1113 1165 1181 Dni-
1202 1154 1204 1161 ·

158 1212 219 1276 lius
240 1212 379 1276 contulit
400 1236 475 1278 cum
498 1213 662 1279 Ciceronis
683 1215 863 1301 grariffimo
882 1215 959 1281 loco
979 1216 1115 1282 Divinae
1132 1215 1164 1278 11.

156 1329 218 1397 72:
255 1312 431 1399 Perficgium
454 1314 575 1378 videtur
596 1315 722 1379 omnum
743 1315 877 1380 laborum
905 1328 936 1379 et
955 1315 1165 1404 fillicitudim
1202 1368 1204 1377 .

156 1414 350 1500 ffsonnus:
366 1427 399 1477 at
413 1440 449 1479 ex
461 1439 491 1479 eo
504 1417 560 1503 ipſsa
570 1414 711 1503 plurim
722 1439 804 1482 carae
816 1418 965 1505 uetusque
977 1419 1163 1506 msmtub·

158 1515 222 1580 Sed
238 1529 325 1580 totus
341 1514 373 1579 in
387 1515 454 1602 ipso
471 1516 552 1581 libro
566 1517 656 1581 locus
669 1516 824 1603 legendus
837 1518 891 1582 cst.

203 1619 276 1680 166.
293 1616 332 1681 C.
353 1616 548 1700 Ἡράκλειτος]
574 1616 665 1683 Licet
680 1640 745 1681 non
766 1617 839 1682 alibi
854 1618 983 1703 pmdita
996 1618 1100 1685 iisdem
1111 1637 1162 1679 rer·

157 1717 206 1781 bis
228 1717 392 1794 sententia,
417 1730 523 1780 tamen
547 1717 641 1803 plane
662 1719 811 1804 congruit
836 1719 1035 1787 Heraclitus
1061 1715 1160 1792 rationi,

157 1840 254 1905 quarn
283 1817 422 1905 prodidit
444 1820 559 1882 Sextus
582 1819 760 1905 Empiricos
782 1819 868 1884 Adv.
893 1821 1091 1887 Mathemat.
1102 1819 1159 1884 Vll.

155 1934 232 2002 127.
250 1920 334 2005 sequ.
357 1933 392 1984 ct
414 1941 472 1984 nos
492 1919 661 2007 attigimus
679 1919 719 1984 ad
738 1919 900 1986 Plutarchi
919 1923 1043 2010 Quali
1062 1921 1129 1987 Plst
1140 1919 1158 1982 1.

203 2123 274 2184 166.
286 2121 326 2184 C.
341 2120 758 2208 Πνλνκράτης-Πφὶανδρος,]
783 2123 929 2208 Uterque
943 2122 1102 2192 literarum
1114 2120 1157 2187 lr-

156 2220 273 2299 diosus,
296 2221 402 2287 minus
424 2235 531 2286 tamen
554 2243 630 2306 erga
651 2221 724 2286 suos
744 2223 897 2302 clemens,
916 2237 953 2288 et
972 2224 1104 2291 crudelis
1116 2243 1158 2308 po·

157 2320 233 2397 tius,
261 2320 461 2405 perhibetur3
489 2322 588 2407 igitur
609 2336 642 2384 et
660 2321 723 2386 hoc
743 2321 884 2401 nomine,
906 2337 943 2388 et
963 2338 1003 2390 ut
1021 2338 1158 2413 quanm,

155 2419 263 2506 potuit
285 2419 393 2508 φοόεςός
414 2420 489 2483 dici.
532 2422 584 2485 De
610 2421 778 2486 Periandro
801 2422 952 2502 vidimus,
978 2438 1013 2489 et
1038 2422 1160 2511 qundo

156 2521 345 2599 notavimus,
367 2520 408 2584 ad
430 2523 507 2585 VII.
527 2523 601 2606 Sap.
619 2522 721 2586 Conv.
760 2525 797 2586 ln
822 2523 1001 2610 Polycratis
1022 2525 1158 2591 mentione

157 2622 280 2687 fortalse
306 2622 492 2688 Plutarchus
513 2623 665 2708 cogitavit
686 2623 726 2687 de
750 2623 942 2710 Pythagora,
955 2627 1013 2712 qui
1028 2626 1106 2691 illius
1121 2622 1157 2687 lu·

156 2724 265 2812 giendi
278 2724 380 2789 cautla
395 2725 528 2811 patriam
544 2726 675 2788 Samum
689 2724 844 2809 reliquisse
858 2725 976 2791 fertur:
992 2720 1157 2811 veluusprd

156 2827 305 2891 Ovidium
335 2828 419 2891 Met.
447 2828 521 2891 XV.
544 2829 607 2890 60:
642 2826 830 2889 Strabonem
858 2827 952 2891 XIV.
981 2850 1014 2915 p.
1036 2825 1155 2916 9450:

157 2927 338 3012 Diogenem
362 2930 466 2991 laert.
490 2929 583 2990 VIII.
609 2946 641 3011 3.
684 2925 891 3011 Porphyiium
917 2927 988 2992 Vn.
1014 2931 1047 2994 P.
1068 2927 1156 3016 9.1⁶:

156 3026 372 3089 Jarnblichunr
387 3028 455 3090 Vit.
477 3027 612 3113 Pythag.
630 3047 679 3090 10.
693 3028 753 3089 88:
777 3026 863 3112 quod
883 3050 948 3093 non
969 3030 1106 3094 absolute
1122 3046 1156 3090 ro

156 3139 281 3210 pugnat
305 3148 417 3190 eorum
444 3127 599 3212 opinioni,
622 3127 676 3212 qui
699 3150 773 3190 eum
796 3150 853 3213 per
874 3128 982 3194 literas
1003 3128 1157 3197 Amantia

158 3225 322 3311 Polycrate
341 3227 600 3291 commendatum
625 3227 714 3290 fuisse
740 3228 870 3305 volunt3
893 3229 1063 3317 inquibus
1080 3232 1158 3295 fertur

155 3324 337 3409 Antiphon,
357 3327 473 3390 citatus
495 3325 633 3412 Diogeni
657 3328 784 3391 laertio
798 3328 820 3393 l.
837 3329 860 3392 l.
876 3343 909 3395 et
930 3332 1102 3419 Porphyrio
1114 3325 1158 3393 ibi·

155 3426 228 3490 dem
245 3427 275 3508 ξ.
291 3443 322 3508 7.

150 3577 152 3581 .
200 3529 272 3590 166.
287 3528 331 3591 D.
360 3534 419 3589 oroi
438 3534 564 3612 μεταςῇ;
590 3537 649 3592 ποῦ
672 3535 744 3615 φυγῇ
757 3533 780 3614 ;]
810 3532 1011 3599 Sententiam
1035 3532 1164 3599 fimilinu
1201 3596 1204 3617 1

155 3628 291 3695 aliorum
311 3627 404 3692 dieis
425 3627 642 3693 illustravimus
663 3629 703 3693 sd
728 3633 796 3695 Ser.
819 3632 921 3697 Num.
937 3634 1038 3699 Vind.
1061 3657 1092 3722 p.
1105 3653 1167 3721 554

202 3834 273 3900 166.
288 3833 333 3896 D.
356 3831 395 3903 ἔςι
413 3831 434 3916 ri,
457 3828 557 3904 δούλοις
579 3833 656 3914 νόμος
676 3833 830 3917 ἐλευθερίαν
848 3839 1001 3918 domici,
1015 3845 1123 3926 πρᾶσιν
1134 3841 1174 3902 al·

157 3933 279 4018 raum]
305 3934 427 4018 Legem
448 3930 589 3994 Atticam
613 3932 695 3996 hanc
717 3932 805 3998 fuisse
819 3947 853 3997 et
866 3933 997 4000 aliunde
1010 3938 1177 4026 colligitur,

157 4054 191 4102 et
212 4061 251 4101 ex
272 4035 424 4099 hocloco
445 4054 515 4094 eam
536 4032 681 4117 apposuit
704 4035 738 4097 S.
756 4035 877 4099 Petitus
899 4039 1005 4125 legg.
1025 4041 1129 4107 Attic.
1149 4061 1179 4128 p.

159 4139 231 4219 158.
256 4135 327 4200 Tib.
342 4131 594 4199 Hemsterhufius
616 4133 761 4197 eamdem
784 4157 964 4200 memorans
986 4139 1029 4203 ad
1052 4141 1183 4209 Luciani

155 4238 286 4323 Dialog.
301 4239 399 4302 Deor.
415 4233 539 4299 XXIV.
558 4235 597 4298 T.
617 4236 643 4296 I.
666 4254 699 4319 p.
715 4249 788 4318 277.
810 4235 963 4324 pleraque
976 4262 997 4305 a
1011 4244 1113 4310 mein
1126 4242 1182 4309 ad-

428 4550 600 4632 A
