2700 4928
160 361 220 428 σοι
305 353 402 411 ow.
423 350 630 412 Amuxnv.
651 348 700 410 ur
719 348 959 442 rnorxncm
977 347 1053 408 ure.

163 517 276 600 βροτῶν·
304 512 383 596 pisos
405 515 432 576 di
452 518 508 589 τοῖς
529 512 627 599 ἄφροσι
651 515 673 600 'i
695 512 843 602 ἄχαρίς-ας
863 511 886 599 ιζ,
904 510 1029 591 ἄνοῆτοις
1049 507 1088 572 ὅτι
1104 506 1125 594 ᾖ
1142 506 1179 583 νίν

163 616 262 689 παντὸς
280 615 372 679 αἰτίαν
392 620 492 698 ἁγαθῖι
515 615 625 697 δύναμιν
644 616 771 701 ιὲὰρχὴν
784 617 820 689 οἷς
834 614 1003 692 &hiem
1016 607 1177 696 tipopdvrfltvi

166 716 279 780 δεδίασι.
327 720 370 781 Et
392 715 574 802 hujusmodi
596 716 725 803 quidem
749 717 843 781 effata
864 713 953 802 apud
978 711 1176 787 Plutarchum,

165 814 343 895 Platonem,
358 829 391 881 et
405 816 483 881 alios
497 815 716 902 philosophos,
731 815 864 881 minime
877 837 949 879 rare
963 815 1050 879 sunt.

208 916 385 995 Caeterum,
400 918 432 981 in
447 917 560 982 eodem
576 930 768 1003 argumento
789 917 921 981 fuerunt
942 915 1020 980 libri
1033 916 1174 988 veterum,

165 1038 251 1081 nunc
266 1018 393 1105 perditi.
430 1019 589 1105 Antipatri
605 1018 751 1106 Tarsenſss
765 1018 865 1083 Stoici
882 1019 1051 1105 ἓντπάρτηι
1063 1018 1123 1104 apl
1134 1018 1172 1078 lu·

163 1119 332 1203 σιδαιμοιίας
351 1121 430 1184 citet
450 1121 627 1185 Athenaeus
648 1122 744 1184 VIll.
767 1142 800 1205 p.
815 1122 891 1204 346.
906 1119 964 1184 D:
990 1141 1086 1206 quem
1102 1137 1171 1182 eum·

164 1220 238 1285 dem
255 1221 315 1286 esse
330 1228 426 1308 atque
440 1221 648 1308 Antipatrum
663 1221 878 1304 Onirocritarn
897 1222 1038 1287 citatum
1055 1217 1170 1286 Artemi·
1209 1288 1211 1293 ,

161 1319 243 1386 doro
259 1324 316 1387 IV.
329 1324 382 1408 67.
398 1345 462 1387 non
478 1323 614 1388 assentiri
627 1323 789 1409 possumus
804 1322 950 1387 Fabricio
964 1321 1115 1387 Biblioth.
1127 1321 1169 1383 Gr.

163 1423 194 1485 V
194 1422 238 1486 ol.
257 1425 302 1487 II.
319 1447 351 1511 p.
366 1425 441 1510 388.
458 1423 646 1513 Theopbrosti
666 1433 719 1487 rein
733 1424 802 1510 περὶ
815 1424 847 1486 ri
860 1426 933 1486 θιῖον
947 1423 1061 1510 ίςορίας,
1079 1420 1168 1486 citatur

164 1523 342 1612 Porphyrio
364 1527 415 1590 De
437 1526 525 1589 Abst.
548 1526 592 1589 ll.
610 1542 641 1608 7.
663 1525 693 1588 8.
720 1523 860 1610 indeque
881 1524 1025 1588 Meurfio
1041 1521 1167 1588 in'llreo·

163 1624 290 1710 plrroslo
316 1628 346 1708 ᾗ.
366 1626 530 1690 CLXXV.
569 1625 713 1689 Fabricio
731 1624 815 1689 Bibl.
834 1625 893 1689 Gr.
908 1623 986 1687 Vol.
1003 1625 1048 1688 11.
1069 1645 1100 1709 p.
1113 1641 1167 1704 249.

164 1725 294 1804 Seneca,
320 1728 430 1791 Contra
460 1723 690 1814 Superstitiones‚
718 1725 793 1789 teste
814 1723 996 1810 Augustino
1020 1726 1072 1788 De
1092 1721 1164 1788 civit.

161 1826 226 1892 Dei
241 1828 301 1893 Vl.
314 1848 365 1894 10.
381 1829 549 1892 Menandri
565 1825 731 1892 Comoedia
745 1826 938 1907 Διισιδαίμονν·
956 1850 1054 1913 quam
1069 1849 1105 1892 ex
1115 1826 1164 1889 An·

163 1925 305 2012 tiphonis
320 1932 439 2014 Οίανιςη
452 1928 671 2013 transcriptam
687 1926 844 2013 judicavit
866 1926 1032 2006 Caecilius‚
1047 1939 1083 1990 ut
1093 1925 1165 1990 resrrt

165 2029 358 2117 Porphyrius
376 2051 428 2114 ap.
443 2030 558 2094 Euseb.
580 2031 680 2114 Praep.
700 2031 821 2114 Evang.
838 2025 881 2090 X.
905 2050 938 2115 p.
953 2030 1030 2112 465.
1047 2029 1089 2094 D.
1120 2027 1163 2090 Su·

163 2130 265 2213 peresi
289 2128 514 2217 Theophrasteus
539 2129 712 2194 Charadler
737 2128 969 2210 Δασιδαιμονίας.
1014 2131 1056 2193 Et
1076 2126 1164 2192 codem

162 2231 324 2316 pertinent
344 2230 439 2294 multi
464 2229 627 2295 Ciceronis
651 2230 725 2311 loci,
747 2253 787 2295 ex
807 2229 890 2295 libro
914 2231 960 2295 11.
983 2232 1037 2296 De
1056 2228 1163 2295 Divin-

162 2331 262 2411 tione‚
277 2347 311 2396 et
326 2333 388 2396 111.
406 2334 457 2396 De
472 2333 597 2396 Natura
609 2334 765 2397 Deorum.

204 2452 237 2517 p.
256 2434 328 2512 164.
342 2434 381 2495 E.
406 2437 462 2507 Τῆς
474 2435 542 2516 σιιρί
560 2437 629 2497 θεῶν
648 2431 1022 2519 ἀμαθίας-ἐμπεποίηκιν.]
1047 2435 1162 2517 Compa-

160 2532 241 2598 ratio
263 2555 335 2598 vera
355 2546 389 2597 et
409 2534 618 2615 manifeslm
634 2533 766 2599 librariis
787 2535 963 2614 obscurata,
979 2528 1164 2600 animadversa

160 2633 327 2722 Xylandro
340 2648 372 2700 et
386 2637 541 2724 Amyoto,
558 2659 622 2700 non
637 2636 715 2699 item
728 2635 798 2699 aliis
812 2635 1052 2721 interpretibus,
1067 2635 1162 2700 nostro·

160 2758 233 2800 rum
255 2736 443 2803 auctoritate
467 2737 615 2803 codicum
638 2736 777 2800 restituta
799 2736 854 2802 est.
901 2737 1036 2823 Ingenia
1055 2734 1164 2801 ἀκοίταν

160 2855 389 2926 comparantur
405 2841 517 2927 χωρίοις
536 2844 676 2927 σκληροῖς,
694 2841 792 2901 ἀταλὰ
810 2839 939 2925 ingenia
953 2839 1067 2927 χωρίοις
1085 2837 1163 2923 lypis·

160 2940 317 3005 Geminus
332 2941 397 3007 fere
411 2942 453 3006 est
467 2941 557 3006 locus
572 2939 732 3005 Plutarchi
747 2938 779 3002 in
793 2940 868 3003 Vita
882 2939 1055 3005 Alexandri
1068 2963 1098 3028 p.
1109 2930 1163 3021 706·

158 3039 198 3103 B.
215 3040 267 3104 sed
283 3041 347 3127 ipse
361 3064 489 3129 quoque
507 3042 589 3107 male
602 3041 731 3104 habitus
748 3063 768 3104 a
789 3040 933 3119 librario,
950 3056 1091 3107 tentatus
1109 3033 1164 3124 qui·

124 3189 128 3199 .
159 3139 235 3204 dem
258 3163 316 3206 nec
338 3155 445 3210 tamen
461 3142 648 3208 emendatus
670 3163 690 3205 a
712 3140 836 3205 Petavio
861 3139 902 3205 ed
924 3142 1066 3206 Themist
1086 3165 1114 3230 p.
1128 3155 1165 3222 13·

159 3241 238 3306 edit.
262 3243 348 3307 Flex.
375 3257 409 3308 et
432 3245 483 3307 M.
506 3244 623 3308 solano
647 3243 688 3307 ad
711 3242 733 3306 l.
752 3243 774 3306 l.
797 3265 817 3306 a
838 3242 949 3307 nostris
973 3244 1168 3333 complurium

158 3342 307 3408 codicum
321 3345 479 3429 excerptis
494 3343 538 3408 nil
553 3342 686 3408 medelae
707 3344 831 3423 nactus,
855 3344 981 3408 fortasse
1001 3361 1109 3412 tamen
1121 3347 1169 3409 hu·

152 3442 295 3532 jusmodi
316 3446 439 3510 ratione
457 3446 498 3510 ed
518 3446 683 3510 sanitatem
698 3446 752 3511 nisr
768 3447 942 3533 scripture,
958 3465 1048 3515 certe
1062 3452 1172 3516 senten·

158 3546 225 3627 tlae,
241 3545 444 3634 redigendus.
470 3537 579 3622 ΙΟὕτως
597 3547 654 3636 ἄρα
671 3550 748 3613 δεινὸν
760 3550 810 3632 μὲν
823 3549 922 3622 druria
936 3553 1010 3637 σιρός
1023 3558 1063 3618 ’τὰ
1077 3549 1175 3636 brian}

159 3649 357 3738 καταφρόνησις
378 3651 476 3713 αὐτῶν·
501 3650 578 3714 δεινὸν
600 3649 714 3726 δἀὗθις
736 3658 751 3728 ἡ
770 3650 974 3734 δεισιδαιμονία,
998 3654 1073 3733 δίκην
1094 3654 1177 3728 &aros

157 3751 199 3816 deo*
213 3755 285 3838 σορὸς
297 3753 329 3815 τί
342 3749 543 3832 ταπεινούμενον
560 3755 582 3840 ri,
605 3757 774 3836 ἀναπληροῦν
795 3751 960 3838 ἆέιλτηρίας
974 3755 995 3840 ‘i
1012 3755 1096 3839 φὸθοο
1108 3782 1180 3844 ynn-

156 3852 236 3935 μίνη.
272 3858 316 3918 Οὐ
332 3856 384 3936 μὴν
401 3855 481 3915 ἀλλὰ
502 3853 600 3940 καίπερ
614 3852 696 3928 οὕτως
711 3853 782 3939 ἔχων
793 3853 986 3942 Ἀλέξανδρος,
999 3870 1141 3944 χρησμῶι
1153 3885 1183 3946 'l‘'

155 3964 210 4018 τῶν
228 3957 296 4044 περὶ
314 3953 497 4035 Ἡφαιςίοινος
519 3959 550 4018 ἐκ
571 3960 634 4018 θεοῦ
655 3955 840 4036 κομισθέντων,
855 3956 1022 4039 ἀποθέμενος
1039 3963 1072 4024 ri
1086 3961 1186 4037 πένθος

156 4055 236 4131 αὖθις
254 4056 282 4134 ἦν
301 4062 327 4120 lv
344 4055 454 4129 θυσίαις
468 4055 515 4135 καί
527 4055 636 4131 σίτοις.
676 4057 867 4143 Exemplum
890 4056 974 4123 idern
998 4062 1139 4129 refertur
1156 4066 1187 4129 in

155 4154 303 4222 homines
316 4155 532 4221 adulatoribus
547 4154 685 4236 deditos,
701 4159 752 4221 De
768 4157 910 4222 Discern.
922 4159 1025 4224 Adul.
1038 4164 1080 4228 ab
1092 4165 1189 4230 Ami-

153 4274 193 4320 co
215 4277 249 4343 p.
265 4259 318 4324 66.
332 4258 359 4323 B
371 4251 385 4322 ι
403 4262 481 4320 τοῦτο
500 4257 613 4339 μάλιςα
632 4261 688 4333 τοῖς
710 4258 823 4338 κόλαξιν
841 4259 968 4338 titinius
986 4260 1034 4343 nol
1053 4267 1190 4353 πλαγίας

332 4434 571 4608 fx
