2700 4928
279 281 359 343 trau
469 279 509 342 D.
519 278 571 341 W.
590 273 799 340 ANIMADV.
820 271 868 337 IN
887 271 1133 337 meacm

284 445 328 524 C,
343 445 397 510 D:
421 454 517 530 atque
533 440 580 507 ita
598 438 696 506 etiam
719 439 785 506 sere
806 439 951 527 prtebent
971 438 1039 505 hoo
1060 437 1138 504 loco
1151 433 1312 505 oodioetJ.

283 545 403 612 Venet.
422 540 512 608 Harl.
545 539 692 606 Alteram
703 539 782 605 dieti
803 551 926 626 partem
950 539 1006 605 hic
1028 537 1181 603 omissam
1203 558 1313 604 memo-

285 644 366 711 ravit
380 641 567 709 Plutarchus
590 664 624 729 p.
643 662 715 729 190.
730 644 769 708 E.
788 654 822 706 et
839 659 911 723 141.
925 640 981 706 D:
1005 640 1064 707 ubi
1086 638 1184 727 plura
1204 634 1314 705 notari·

286 768 371 812 mua.

330 868 403 936 229.
419 847 462 912 A.
484 846 540 933 β’.]
568 849 617 912 Ex
630 847 708 913 Vita
721 845 874 936 Lysandri
888 867 922 933 p.
934 861 1012 932 437.
1027 844 1075 910 A.

328 968 401 1037 229.
418 951 457 1014 Β.
479 946 536 1035 st]
563 947 710 1015 Indidem
733 971 768 1037 p.
786 963 863 1035 437.
888 947 941 1014 A:
974 944 1166 1012 notavimus
1195 965 1230 1032 p.
1255 960 1316 1031 190.

330 1172 403 1239 229.
420 1154 460 1218 Β.
482 1150 530 1237 Ast]
557 1151 705 1217 Indidem
726 1173 759 1239 p.
772 1170 849 1238 437.
866 1150 908 1217 C.
944 1149 1036 1217 Alios
1050 1148 1237 1240 Lysandro,
1250 1146 1317 1214 aliut

287 1254 437 1341 Philippo
451 1252 634 1329 ,Macedoni
653 1255 793 1320 tribuere
811 1254 875 1319 hoc
893 1252 1027 1332 naum,
1050 1266 1166 1318 narrat
1180 1251 1316 1318 AEhnm

286 1357 364 1422 Var.
382 1356 463 1421 Hist.
479 1357 558 1422 VII.
578 1375 627 1421 12.
664 1355 817 1445 Dionyso
831 1370 968 1445 tyranno
980 1354 1120 1442 affignat
1134 1352 1316 1420 Plutarchus

285 1457 338 1522 De
353 1460 440 1523 Fort.
456 1456 551 1522 Alex.
573 1478 607 1544 p.
620 1477 697 1544 330.
713 1459 752 1522 Ε.
775 1479 878 1545 eoque
898 1456 985 1522 didio
1007 1478 1081 1543 para
1101 1455 1231 1522 lacuna
1251 1456 1315 1544 sup·

286 1559 405 1648 plenda
424 1561 468 1624 est
488 1560 683 1648 Symposiac.
707 1560 768 1626 IX.
789 1581 823 1645 p.
837 1577 913 1644 741.
926 1559 965 1623 B.
998 1559 1068 1623 Sub
1083 1556 1247 1648 Lysandri
1264 1581 1316 1624 no·

287 1662 374 1727 mine
395 1660 494 1727 habet
514 1683 643 1749 quoque
667 1661 733 1728 Dio
755 1660 871 1751 Chrys.
891 1661 950 1727 Or.
972 1661 1097 1726 LXIV.
1121 1683 1157 1748 p.
1173 1664 1252 1744 640.
1273 1659 1315 1728 Cr

285 1767 331 1829 τὸν
344 1766 372 1828 di
386 1765 542 1850 Λύσανδρον
558 1767 604 1829 τὸν
622 1765 837 1848 Λακεδαιμόνιον
857 1763 967 1850 γνώμην
987 1761 1178 1851 ἇνοφῇναθη
1193 1763 1315 1850 λέγω,

286 1865 327 1932 drr
340 1868 403 1944 τοὺς
414 1869 466 1951 μὲν
482 1870 590 1943 παῖδας
609 1868 786 1956 ὰςςαγᾶλοις
807 1865 853 1946 noi
869 1866 1001 1954 σφαίραις
1022 1869 1171 1954 ἐξαπατῷ
1192 1869 1243 1949 δοῖ,
1262 1867 1315 1943 nit

284 1971 312 2033 di
333 1968 431 2057 ἄνδρας
453 1968 539 2055 ὅρκοις
560 1970 608 2033 καὶ
628 1971 784 2056 χρήμασιν.
818 1967 975 2055 8911Μο
990 1966 1119 2033 videtur
1133 1967 1313 2046 Amfihut,

284 2070 326 2136 de
347 2093 412 2158 quo
434 2070 598 2159 Diogenes
621 2071 767 2137 Laertius
789 2072 848 2138 IV.
862 2089 925 2158 341
946 2073 1066 2162 -σςός
1085 2075 1136 2137 τὸν
1154 2074 1312 2162 &pedena

284 2173 476 2258 διαλεγόμενον
496 2172 646 2252 νεανίσκον,
667 2176 712 2238 Οὐ
735 2172 858 2252 tiriaus
875 2199 929 2252 τις,
955 2173 1015 2255 ἔφη,
1035 2178 1134 2238 τοῖντον
1149 2174 1310 2262 ἂςραγῶρ.

285 2273 449 2339 Caeterum
464 2296 523 2361 pro
536 2275 767 2357 ἀπομεμφομένων
781 2273 873 2361 cujua
887 2296 990 2339 unum
1007 2273 1073 2340 hoc
1091 2274 1200 2342 fertur
1210 2296 1308 2341 exem·

283 2376 386 2461 plum,
410 2375 519 2440 malim
541 2376 773 2460 ἐπνμιμφνμένων.
810 2375 992 2442 Gatakema
1013 2375 1055 2442 ad
1074 2378 1129 2443 M.
1141 2381 1225 2445 Ant.
1243 2375 1307 2444 L&

283 2497 316 2562 p.
333 2498 365 2561 9.
382 2498 414 2556 a,
427 2477 460 2541 b.

326 2582 448 2667 229.Β.
464 2577 511 2664 ι’.]
536 2580 584 2644 Ex
604 2580 683 2646 Vita
698 2580 851 2669 Lysandri
865 2600 898 2667 p.
909 2600 985 2663 441.
1001 2580 1040 2645 B.
1073 2580 1199 2648 Retulit
1218 2578 1302 2648 vde·

284 2682 435 2749 kenarius
450 2682 490 2748 ad
502 2681 668 2749 Theocriti
683 2683 842 2750 Adoniaz.
857 2683 994 2769 Digreff.
1012 2685 1058 2748 11.
1075 2705 1110 2772 p.
1124 2685 1199 2771 258.

327 2803 400 2873 229.
417 2783 458 2850 C.
480 2782 531 2871 52]
557 2783 702 2851 Indidem
716 2808 749 2873 p.
762 2800 840 2871 445.
856 2784 898 2865 C,
909 2786 955 2850 D.
983 2785 1180 2854 Notavimus
1194 2808 1226 2875 p.
1241 2803 1301 2871 190.

326 3004 401 3070 229.
418 2986 459 3051 C.
482 2986 537 3072 ζ’.]
563 2986 709 3053 Indidem
725 3009 758 3074 p.
771 3002 847 3073 445.
863 2985 907 3052 D.
942 3033 946 3041 ·

325 3106 399 3172 229.
415 3089 456 3155 C.
478 3090 529 3174 η’.]
554 3090 701 3155 Indidem
717 3110 751 3176 p.
762 3105 840 3175 445.
854 3091 900 3156 Ι).
929 3087 1125 3159 Notavimus
1138 3114 1172 3181 p.
1189 3111 1255 3181 190.
1268 3090 1300 3156 t.

283 3204 337 3273 71.
354 3190 392 3252 E.

326 3314 400 3381 229.
416 3293 459 3359 D.
481 3293 536 3379 δῖ]
561 3294 707 3360 Indidem
735 3316 768 3381 p.
787 3309 863 3380 445.
884 3295 930 3361 D.
965 3294 1163 3364 Notavimus
1186 3320 1219 3387 p.
1242 3315 1301 3386 190·

324 3519 400 3587 129.
415 3501 460 3565 D.
483 3497 527 3582 ι’.]
553 3497 733 3564 Antalcidte
749 3498 901 3566 tribuitur
913 3521 947 3587 p.
962 3515 1038 3584 217.
1054 3500 1097 3567 C.
1113 3501 1155 3568 α’.

328 3621 401 3688 229.
416 3602 457 3666 E.
480 3598 545 3686 cyfi]
572 3602 609 3664 In
624 3600 714 3665 fimili
734 3601 880 3667 acumine
900 3602 971 3666 sunt
993 3601 1080 3669 dian
1094 3603 1128 3671 in
1144 3604 1304 3681 Sententiis

282 3705 407 3770 Anton.
423 3717 457 3769 et
471 3701 606 3768 Maxim.
627 3723 660 3788 p.
682 3719 756 3789 259.
774 3721 829 3788 47.
852 3716 887 3769 et
901 3702 986 3768 idem
1012 3704 1167 3774 Chabriae
1190 3731 1224 3798 p.
1240 3709 1303 3777 261.

280 3824 336 3893 33.
374 3806 457 3869 Item
471 3804 609 3882 ξενύλλιον
622 3803 665 3868 est
684 3827 717 3891 p.
736 3824 808 3886 240.
824 3805 869 3870 D.

324 3926 398 3995 229.
412 3907 450 3970 Ε.
473 3906 530 3990 nt]
560 3909 608 3970 Ex
629 3906 706 3971 Vita
728 3906 883 3995 Lysandri
904 3926 937 3993 p.
951 3925 1029 3992 447.
1046 3908 1088 3976 C.
1115 3910 1204 4000 sequ.
1223 3925 1258 3980 et
1276 3933 1304 4001 p.

279 4025 355 4093 450.
383 4010 418 4073 F.
443 4030 482 4072 ex
507 4007 658 4095 Ephoro:
688 4007 835 4074 eamdem
855 4031 922 4074 rem
944 4010 1041 4076 refert
1066 4011 1256 4083 Plutarchus
1278 4015 1305 4080 in

279 4109 357 4174 Vita
381 4109 519 4197 Agesilai
542 4131 576 4196 p.
591 4111 665 4174 606.
682 4112 719 4173 E.
741 4109 828 4175 uude
849 4112 1015 4178 nanssatua
1028 4115 1074 4182 est
1093 4116 1187 4186 locut
1208 4118 1241 4185 in
1262 4119 1305 4187 Ae

278 4210 417 4298 pophth.
431 4210 501 4300 ejus
514 4210 569 4296 νβ’.
584 4232 618 4299 p.
636 4230 708 4281 212.
723 4212 765 4281 C.
780 4217 989 4303 Eipomda‘n
1000 4229 1039 4282 ut
1053 4240 1162 4288 vatam
1174 4221 1306 4292 formu
