2700 4928
154 338 214 404 ⁸72
345 330 384 391 D.
393 330 444 391 W.
464 327 671 391 ANIMADV.
690 325 739 387 IN
758 320 989 385 PLUTARCHI

157 491 253 577 §.15
269 513 301 578 p.
314 490 389 578 489.
412 487 520 555 addita
540 487 682 576 Diogeni
703 486 831 553 Iae‘rtio
846 486 887 553 T.
898 486 946 550 lI.
964 502 1042 549 uam
1056 479 1079 547 fi
1093 479 1136 547 ad
1148 470 1196 546 t?

157 591 232 656 liam
258 591 321 677 ipse
345 591 433 655 suam
458 588 618 678 scriptisset
645 588 844 667 Plutarchus,
870 584 1023 652 credibile
1044 582 1090 649 est
1114 602 1186 648 eum

157 692 291 758 certiora
305 691 402 780 hujus
416 689 648 757 necellitudinia
662 688 780 755 indicia
793 687 994 776 proditurum
1009 684 1112 750 luisse.
1138 685 1178 750 t·

157 791 234 857 liam
255 791 352 859 etiam
374 791 478 857 adfert
496 791 651 857 rationem
675 789 835 855 Fabricius
856 788 940 853 Bibl.
960 788 1020 853 Gr.
1033 785 1112 851 Vol.
1126 785 1178 850 Ill.

158 914 191 980 p.
204 912 285 979 330:
310 892 397 978 quod
418 893 606 959 Plutarchus
624 893 655 955 in
673 890 898 956 Consolatione
914 887 957 953 ad
979 883 1177 965 Uxorem,de

158 994 251 1060 obitu
276 994 380 1059 filiola>
403 995 597 1072 Timoxenae,
623 992 827 1080 cognominis
848 992 901 1078 ipfi
929 989 1039 1068 matri,
1060 987 1176 1053 bimule

159 1103 306 1170 mortuae,
323 1090 436 1178 prodat
450 1092 533 1156 hanc
547 1092 617 1177 ipss
636 1091 703 1177 post
724 1104 861 1177 quatuor
880 1088 960 1153 filios
978 1086 1108 1152 unicam
1130 1106 1173 1149 ιιι·

159 1204 227 1256 tam
249 1192 337 1256 fuisse
360 1192 476 1272 filiam;
499 1192 597 1278 igitur
611 1215 676 1255 non
698 1190 758 1256 esse
776 1189 938 1254 verifimile
959 1188 1057 1252 aliam
1075 1183 1176 1251 deiude

160 1313 235 1355 eum
250 1292 409 1378 suscepisse
426 1292 534 1370 filiam,
550 1292 570 1354 fi
586 1291 717 1377 quidem
732 1314 750 1355 a
764 1290 875 1378 prioris
889 1289 982 1354 obitu
1003 1287 1046 1353 ad
1063 1286 1176 1352 alterius

161 1394 288 1480 nuptias
317 1395 428 1482 viginti
464 1394 633 1458 minimum
668 1391 744 1458 anni
779 1390 975 1457 intercedere
1002 1387 1174 1455 debuitsent.

160 1500 244 1587 Quae
265 1496 357 1575 ratio,
380 1510 416 1560 ut
434 1519 491 1583 per
512 1497 543 1560 se
565 1518 677 1582 pamm
692 1494 786 1572 valet,
804 1493 850 1557 ita
864 1491 910 1557 illi
929 1513 948 1555 a
969 1490 1063 1556 nobie
1083 1488 1176 1576 postte

163 1600 283 1678 addita,
306 1599 472 1685 paululum
497 1599 653 1663 momenti
677 1597 791 1660 adfert.
831 1596 949 1680 Neque
974 1615 1049 1657 vero
1072 1591 1112 1656 de
1135 1588 1178 1654 illa

163 1703 372 1788 cogitandum
390 1702 450 1767 esse
468 1701 639 1791 Eurydice,
659 1699 752 1786 cujus
769 1696 890 1762 mentio
905 1695 994 1761 estin
1014 1694 1120 1771 libello
1136 1696 1178 1759 De

162 1802 362 1868 Educatione
382 1826 415 1889 p.
435 1823 484 1884 14.
498 1807 537 1882 E,
557 1824 632 1866 cum
645 1823 694 1865 res
708 1800 774 1887 ipsa
788 1796 934 1874 ostendit,
950 1810 1021 1860 tum
1037 1792 1180 1859 diverfitat

163 1900 342 1980 auctorum,
369 1915 512 1981 aetatum,
538 1901 756 1986 personarum:
790 1896 856 1974 illa,
880 1915 1094 1981 quaecumque
1115 1890 1179 1968 suit,

163 2014 250 2065 certe
263 2001 325 2066 suit
338 2002 486 2089 antiqua;
511 2002 580 2065 haec
596 1997 756 2064 Plutarchi
771 1994 918 2083 aqualis:
940 1993 996 2058 illa
1010 1993 1080 2081 jam
1098 1989 1180 2058 adul·

98 2178 110 2195 .
162 2112 270 2167 torum
293 2117 396 2168 mater
419 2102 556 2167 liliorum
577 2101 684 2165 literas
705 2097 843 2164 didicisse
864 2096 993 2175 dicitur,
1015 2096 1085 2160 haec
1101 2094 1182 2180 virgo

162 2203 295 2288 puellari
309 2204 341 2266 in
356 2215 449 2266 aetate
461 2202 560 2267 literis
575 2202 699 2265 imbuta
712 2202 766 2265 est.
800 2196 931 2264 Polliani
944 2208 1022 2262 retae
1037 2195 1184 2284 fignifica-

162 2314 217 2365 tur
237 2321 271 2386 p.
289 2318 361 2384 145.
379 2313 413 2363 ut
426 2301 559 2364 habentis
573 2298 644 2388 algar
659 2301 705 2378 ἤδη
727 2304 891 2383 φιλοσοφιῖι,
904 2301 974 2388 jam
987 2310 1108 2363 atatem
1122 2296 1185 2386 plri-

163 2399 345 2488 losopbandi,
360 2400 464 2464 sumta
475 2400 557 2464 virili
570 2403 662 2480 velle,
677 2401 805 2487 expleto
818 2400 1008 2487 plerumque
1028 2420 1116 2464 anno
1134 2399 1187 2463 de·

162 2500 248 2566 cimo
270 2500 378 2565 sexto:
402 2523 464 2585 qua
485 2500 525 2565 de
546 2501 719 2566 studiorum
737 2502 916 2567 mutatione
937 2499 1078 2566 diximus
1098 2500 1187 2586 adp.

162 2617 217 2687 37.
232 2602 271 2681 B,
287 2602 327 2666 C.
363 2601 530 2667 Rationem
544 2601 643 2689 hujus
657 2601 756 2667 libelli
770 2603 834 2688 ipse
849 2601 989 2667 declarat
1005 2601 1190 2668 Plutarchus

163 2726 197 2791 p.
216 2705 288 2789 138.
304 2703 352 2770 C:
375 2701 410 2767 aiv
429 2703 472 2768 οὖν
489 2704 627 2783 ἀκηκόατε
645 2704 790 2779 πολλάκις
806 2708 833 2767 δι
854 2702 1000 2790 φιλοσοφίᾳ
1015 2703 1190 2791 oeoepoerprpo‘·

164 2831 251 2888 μιιοι,
267 2805 408 2890 arcellam
422 2807 560 2886 συντάξας
574 2805 599 2870 ἵν
612 2832 685 2870 τισιν
703 2806 838 2889 ὁμοιᾶιησι
859 2802 1018 2891 βραχείαις,
1040 2808 1078 2879 ὥς
1095 2809 1192 2887 εὔμη-

164 2908 281 2990 pedatura
294 2913 405 2989 μᾶλλον
419 2907 470 2987 rin,
484 2911 568 2972 ιιοιιόι
581 2907 741 2993 ἀμφοτέροις
754 2908 852 2990 πέμποι
862 2910 998 2993 δῶρον-ι
1015 2930 1113 2970 eorum
1127 2931 1195 2994 qua

163 3030 216 3072 vos
236 3008 268 3070 in
285 3007 468 3094 philosophia
485 3009 577 3073 obiter
597 3008 720 3094 irfiitutt‘
731 3010 817 3095 saepe
830 3005 995 3093 audimstis,
1012 3007 1114 3093 capita
1130 3008 1194 3072 bre·

163 3106 251 3171 vibus
265 3106 297 3169 ιἰι
306 3107 557 3192 smililudinibus
569 3107 742 3194 complexus,
758 3107 945 3193 quofacr'lius
959 3108 1101 3171 memorio
1116 3122 1205 3175 tenes

164 3221 278 3288 rentur,
302 3234 445 3274 commune
468 3209 606 3274 ambobus
628 3210 735 3271 donum
756 3209 854 3272 mitto:
889 3208 1005 3295 quibus
1032 3208 1067 3274 in
1094 3211 1203 3276 verbio

164 3309 478 3376 animadvertendum
501 3312 544 3374 est
567 3310 818 3396 παρατρεφόμενοι,
841 3311 931 3376 obiter
952 3311 1099 3398 irssituti:
1122 3336 1196 3380 nam

165 3412 271 3476 adhuc
291 3411 416 3476 fuerant
434 3411 587 3498 τρεφόμενοι
610 3410 649 3474 de
672 3411 819 3476 industria
834 3425 868 3476 et
888 3413 1049 3498 propofito
1062 3412 1198 3479 instituti

166 3513 198 3580 in
214 3512 328 3599 puerili
342 3512 516 3597 disciplina,
532 3511 641 3591 literis,
657 3513 771 3598 poetis,
787 3537 858 3599 quae
877 3512 917 3578 ad
937 3516 1196 3580 Grammaticum

166 3614 344 3703 pertiuent:
369 3613 408 3678 de
427 3613 627 3700 philosophia
642 3637 707 3678 non
728 3615 782 3679 nili
801 3630 856 3701 per
869 3616 1037 3701 occcstonem
1052 3630 1087 3683 et
1105 3618 1198 3683 obiter

167 3715 364 3792 audiverant,
379 3738 475 3802 quam
491 3716 656 3781 notionem
672 3716 898 3782 declaravimus
914 3740 947 3805 p.
960 3737 1014 3803 37.
1031 3722 1067 3784 F.

208 3819 371 3880 ΓΑΜΙΚΑ
392 3819 751 3901 ΠΑΡΑΓΓΕΛΜΑΤΑ.]
777 3819 977 3881 Memoratur
990 3818 1021 3881 in
1036 3821 1197 3907 Lamprire

167 3916 324 4006 Catalogo
348 3917 451 3980 Num.
471 3916 605 3981 CXIII:
636 3918 761 4003 Sopatri
782 3917 910 4005 Eclogia
933 3917 1019 4004 apud
1043 3920 1195 3987 Photium

166 4017 249 4082 Cod.
264 4020 381 4084 CLXI.
396 4040 429 4105 p.
444 4037 584 4103 341.13.
609 4020 699 4084 Stob.
713 4018 780 4083 Tit.
797 4021 936 4084 LXXII.
960 4042 993 4105 p.
1009 4040 1196 4110 441—443.

166 4117 355 4182 LXXXIII.
371 4140 404 4205 p.
414 4119 488 4204 483.
511 4117 691 4182 Macarium
707 4118 1012 4207 Chrysocephalum,
1027 4122 1149 4188 Roseto
1161 4145 1195 4210 p.

168 4234 217 4281 ιο.
234 4216 267 4279 in
280 4217 446 4285 Villoisoni
462 4217 638 4285 Anecdotia
652 4220 711 4284 Gr.
747 4221 790 4285 Et
804 4217 953 4286 eumdem
970 4219 1058 4287 hunc
1072 4222 1204 4295 librum·
