2700 4928
301 341 501 404 neopum.
516 343 738 405 Laconucn.
755 343 1041 432 μασιν-σοον.
1110 351 1186 430 ιιον

156 503 364 570 Demostheni
392 506 450 571 Or.
478 505 562 571 Adv.
589 505 773 572 Aristocrat.
797 528 830 594 p.
844 508 920 591 458.
941 506 982 571 C.
1019 506 1076 572 Or.
1100 505 1185 573 Adv.

158 606 383 672 Phormionem
404 610 586 694 585-590.
622 609 756 675 Didium
779 607 842 674 hoc
861 608 923 674 fine
942 607 1107 695 Lampidis
1125 631 1186 675 no·

156 707 244 771 mine
263 709 397 797 apponit
410 709 526 775 Cicero
538 711 632 775 Tusc.
643 712 686 775 V.
706 730 761 792 14:
784 710 955 774 -Laconis
978 709 1059 773 illud
1077 709 1188 780 dictum

155 814 189 874 in
203 814 254 876 hos
269 814 373 878 cadere
386 815 547 879 videam:
570 802 630 901 qui·
635 813 784 901 glorianti
797 813 914 877 cuidam
932 812 1096 891 mercatori,
1111 812 1191 900 quod

156 915 267 979 multas
288 939 382 980 naves
404 916 437 980 in
457 941 565 980 omnem
588 940 671 981 ονοοι
691 916 870 981 maritimam
891 914 1048 1003 dimffifflt,
1078 920 1104 955 “
1120 914 1191 980 Νονν

156 1018 266 1100 “sane
291 1016 428 1103 optabilis
453 1017 570 1104 quidem
594 1016 660 1102 ssa,
686 1017 795 1105 inquit,
823 1016 997 1080 rudmtibus
1023 1027 1096 1103 apta
1111 1015 1190 1102 sor·

157 1125 183 1156 “
201 1120 313 1181 tuna.”
350 1120 387 1182 ln
412 1119 526 1183 eodem
549 1133 742 1206 argumento
764 1118 971 1184 navicularios
992 1115 1103 1183 laudat
1123 1117 1190 1189 Dio

158 1218 274 1305 Chrys.
299 1219 358 1283 Or.
383 1221 504 1284 LXIV.
527 1243 560 1306 p.
575 1236 651 1305 594.
673 1221 724 1285 D:
753 1221 810 1284 οὐδὲ
833 1225 891 1306 γὰρ
913 1218 994 1306 osirin
1014 1223 1062 1298 τὴν
1080 1221 1189 1308 dixis,

157 1320 218 1384 orire
243 1319 354 1406 χοινὶοις
377 1320 562 1408 ἐπιτρέπωσιν,
591 1320 651 1386 οὔτε
677 1321 858 1408 τριδάκτυλον
883 1323 980 1396 αὐτοὺς
1003 1321 1083 1404 σώζει
1107 1322 1190 1402 ξύλον

157 1423 297 1487 πεύκινον·
321 1427 388 1486 ἀλλ’
403 1423 554 1507 ἐπέτρεψαν
573 1422 678 1510 dessign
690 1425 712 1510 ’l
726 1423 846 1510 μεγάλῳ
865 1424 1036 1512 πράγματι,
1051 1430 1086 1510 τῇ
1102 1424 1189 1513 τύχῃ.

158 1525 198 1587 ln
215 1525 319 1589 nostro
332 1523 406 1588 loco
420 1523 536 1588 restius
551 1524 629 1589 dant
642 1524 846 1598 σλιιοιῶτατος
864 1526 896 1590 J.
911 1525 1029 1590 Venet.
1045 1525 1138 1590 Harl.

204 1640 277 1707 234.
296 1624 330 1687 F.
352 1621 429 1709 μς’.]
455 1624 530 1689 Huc
552 1622 713 1710 pertinent
732 1623 816 1688 dista
835 1623 989 1710 Lysandri
1006 1646 1040 1710 p.
1056 1642 1130 1711 229.
1145 1625 1190 1708 Α,

158 1725 202 1801 Β,
229 1723 414 1789 Cleomenis
431 1743 504 1808 223.
519 1724 559 1788 Β.

205 1844 278 1911 234.
296 1827 331 1889 F.
353 1823 432 1909 μζ’.]
461 1824 618 1890 Proverbli
632 1826 769 1890 formam
788 1825 897 1905 habet,
911 1823 1048 1891 Ἔνδονσὶ
1062 1825 1127 1908 εἶναι
1142 1829 1191 1894 δεῖ.

162 1925 215 1996 Sic
230 1927 273 1990 est
294 1925 327 1989 in
350 1925 468 1990 Fabula
482 1926 632 2012 AEsopica
644 1928 706 1993 XI.
724 1927 765 1994 de
777 1927 885 2014 Vulpe
903 1928 1020 1993 larvam
1036 1929 1192 1996 tractante

160 2044 195 2096 et
217 2030 383 2095 cerebrum
407 2029 477 2115 ejus
498 2029 710 2095 desiderante:
734 2053 830 2117 quam
852 2030 1006 2116 significat
1025 2031 1192 2116 Epidetus

161 2132 240 2197 Diff.
258 2132 318 2197 ΙΙΙ.
336 2150 388 2199 22.
410 2154 444 2218 p.
457 2147 543 2215 472:
568 2133 638 2214 ζήτει
658 2136 696 2195 τοὶ
716 2132 830 2196 παιδία·
854 2131 960 2207 ἐκείνοις
978 2136 1016 2195 τοὶ
1034 2138 1194 2221 προσωπεῖα

161 2233 263 2320 φοὲερίι
278 2237 342 2306 ἐςιν·
367 2231 424 2316 ἐγῶ
446 2232 473 2295 δὲ
492 2232 550 2295 οἶδα
570 2231 610 2295 ὅτι
626 2232 757 2320 ὀςρᾶκινίι
779 2237 845 2314 ὂςιν,
866 2232 966 2297 ἔσωθεν
982 2235 1009 2298 di
1030 2236 1102 2298 οὐδὲν
1120 2233 1191 2322 ἔχει.

160 2337 192 2401 J.
209 2334 390 2420 exquifitius
405 2333 481 2400 dat:
505 2337 550 2412 Νὴ
564 2333 604 2397 sd
617 2334 688 2400 Σιώ·
704 2334 820 2422 dequo
834 2336 992 2401 Meurfius
1006 2335 1100 2402 Mite.
1114 2338 1192 2404 Iac.

164 2436 210 2500 lI.
227 2438 258 2500 8.
288 2435 519 2501 Valckenarius
534 2435 575 2500 ad
587 2436 751 2502 Theocrit.
768 2459 801 2525 p.
816 2439 890 2505 286.

204 2561 239 2625 p.
256 2556 329 2624 235.
344 2542 388 2603 A.
408 2537 484 2623 pist]
510 2538 719 2626 Epigramma
736 2541 832 2605 exstat
853 2541 885 2605 in
907 2541 1110 2630 Anthologia
1127 2542 1194 2609 111.

162 2661 196 2730 5.
223 2661 273 2706 11.
299 2640 357 2704 sub
381 2639 512 2704 nomine
533 2640 751 2706 Dioscuridis:
789 2642 821 2706 in
847 2642 1012 2709 Analettis
1039 2644 1195 2711 Brunckii

161 2745 204 2810 T.
221 2744 249 2806 1.
264 2764 297 2828 p.
312 2757 389 2825 502.

207 2863 281 2930 235.
299 2845 341 2908 A.
363 2842 444 2927 pass]
465 2843 614 2930 Spartani
627 2842 692 2907 fere
706 2840 839 2929 squalidi
853 2842 1025 2930 degebant,
1047 2856 1106 2910 aut
1123 2846 1194 2915 bal·

164 2947 233 3019 neis
252 2946 339 3011 ficcis
357 2946 548 3012 utebantur:
571 2958 609 3009 ut
624 2944 814 3031 persuadent
828 2944 965 3033 Cragius
981 2947 1060 3033 Rep.
1077 2947 1195 3020 Laced.

166 3048 229 3122 111.
244 3051 276 3114 6.
288 3065 322 3135 5.
337 3070 371 3136 p.
385 3064 457 3134 257.
473 3062 507 3113 et
520 3047 677 3112 Meurfius
692 3045 829 3112 Miscell.
844 3049 966 3113 Lacon.
981 3048 1092 3113 11.18.
1126 3048 1194 3138 lgi-

164 3167 219 3220 tur
238 3154 324 3216 Laco
345 3151 480 3216 miratus
500 3171 615 3236 aquam
630 3147 751 3213 affundi
764 3148 935 3229 Alcibiadi,
951 3147 1056 3237 inquit
1069 3149 1111 3215 ad
1124 3150 1196 3220 bal·

165 3267 330 3328 neatorem
357 3274 433 3318 eum
459 3266 516 3318 aut
539 3251 675 3316 nimium
700 3264 756 3315 aut
781 3271 893 3337 parum
914 3250 1088 3332 effundere,
1113 3253 1199 3342 Qm'd

165 3356 247 3426 boc?
275 3367 309 3419 ut
330 3355 436 3420 mundo
457 3353 582 3419 multam
607 3353 753 3442 offendis,
777 3364 812 3416 ut
821 3352 945 3442 sordido
963 3352 1034 3442 plus
1058 3353 1195 3442 afflando.

167 3456 361 3524 Harleianus
374 3456 476 3522 codex
492 3457 649 3523 consentit
668 3455 700 3520 in
719 3455 928 3544 παραχέοντος,
948 3454 1004 3522 dat
1024 3461 1125 3522 οιλιῖον
1138 3480 1198 3547 pro

165 3563 297 3640 ονλσῑςιν,
320 3558 443 3624 omittit
465 3556 668 3652 negationem
693 3562 741 3621 od:
775 3556 860 3623 unde
882 3556 986 3624 oratio
1009 3558 1050 3629 fic
1072 3558 1197 3628 restitu-

167 3660 251 3735 enda
276 3661 402 3727 videtur
423 3660 495 3725 -oi
515 3666 615 3743 τοῦτο,
645 3662 680 3736 ὥς
702 3663 820 3748 καθαρῷ
840 3657 957 3747 σφόδρα,
979 3662 1014 3736 ὥς
1037 3661 1065 3726 li
1087 3667 1199 3750 ροιιαρῷ

166 3767 266 3835 ονλοῑον
278 3762 423 3850 παράχει.
713 3842 721 3857 .

212 3880 286 3950 235.
302 3864 347 3929 Α.
369 3864 418 3950 ν’.]
441 3866 561 3931 Totum
575 3862 640 3930 hoc
657 3861 742 3928 abest
759 3861 792 3927 in
812 3860 906 3928 Harl.
940 3863 988 3928 At
1003 3861 1128 3930 audius
1140 3886 1197 3930 exe

167 3966 283 4031 hibent
308 3965 341 4029 in
368 3964 525 4053 principio
550 3967 581 4033 J.
607 3978 641 4030 et
665 3948 782 4029 Venet.
809 3963 939 4028 <binim
965 3972 1013 4030 τοῦ
1042 3964 1200 4042 Μακεδόνος

167 4067 399 4156 προστάσσοντος
420 4069 490 4133 δεινοὶ
518 4069 562 4151 (J.
584 4068 660 4149 τινα)
687 4068 718 4130 δι’
741 4069 878 4147 ἔσιςολῇς,
900 4065 1093 4156 ἀντέγραψαν·
1124 4074 1149 4109 “
1161 4073 1200 4135 01

170 4178 194 4215 ‘⁶
209 4169 418 4252 Λακεδαιμόνιοι
432 4169 577 4256 Φιλίοπορ.
613 4169 683 4256 Περὶ
704 4165 740 4234 ὧν
759 4166 848 4252 ἄμμιν
869 4167 1010 4255 ἔγραψας,
1031 4168 1105 4236 Οὗ·”
1127 4169 1200 4237 ’Ότι

171 4274 201 4355 δὲ
221 4271 346 4341 isidam
365 4276 400 4348 οἷς
419 4275 468 4351 τὴν
487 4271 650 4350 Λακωνικήν
664 4285 776 4339 aad..
813 4268 953 4336 Pertinet
974 4271 1037 4341 hoc
1059 4271 1099 4338 ad
1114 4272 1202 4340 aliud
