2700 4928
117 354 122 361 ,
171 299 250 363 1174
363 293 464 354 D.W.
483 295 693 355 ANIMADV.
715 293 763 353 ΙΝ
783 288 1028 353 PLUTARCHI

81 512 96 545 Ι
174 454 346 521 Plutarcho
368 458 521 546 Lysandr.
543 480 575 544 p.
590 476 666 543 435.
684 459 761 544 436.
794 455 947 523 Diodoro
968 454 1038 521 sic.
1060 442 1153 519 Xlll.
1167 450 1202 537 76

173 558 270 642 -98,

219 680 293 725 222.
309 664 345 726 ll.
369 659 422 745 α’.]
449 663 510 726 Res
526 661 592 747 ipsa
606 661 699 748 plane
715 683 788 725 cum
807 659 870 724 illis
885 658 1063 724 hominum
1077 654 1203 745 ingenii·

174 782 212 824 nc
228 763 423 848 temporibus
439 765 643 842 conveniens,
659 787 696 827 ex
713 762 840 850 perdito
856 761 1011 827 historico
1032 762 1133 825 sumta
1144 759 1202 823 ctlz

174 861 295 927 dictum
311 862 351 927 arl
368 863 565 929 Cleandrum
582 865 729 930 eamdem
745 866 882 928 formam
897 863 999 927 habet
1015 874 1116 948 quatn
1132 860 1203 925 Ate-

172 962 283 1026 xandri
306 963 346 1027 nd
372 965 611 1030 Parmenionem
637 964 819 1052 responsum
844 986 877 1051 p.
895 964 969 1029 180.
985 965 1030 1029 C.
1054 976 1202 1027 notatum.

172 1062 330 1127 Cleander
346 1066 521 1150 Spartanus
534 1089 610 1131 rnox
624 1066 720 1130 etiarn
737 1080 936 1130 memoratur
949 1065 990 1139 ς’.
1014 1065 1105 1131 idem
1124 1062 1203 1127 fuisse

170 1161 306 1243 videtur,
322 1188 418 1251 quem
440 1168 545 1252 postea
566 1167 713 1254 Byzantii
732 1166 922 1231 harmostam
945 1166 1136 1253 Xenophon
1152 1186 1202 1230 co·

169 1265 281 1350 gnovit
297 1266 328 1329 in
346 1266 480 1331 Anahah
494 1270 572 1332 Vll.
591 1288 620 1334 1.
637 1270 753 1349 6—24.

214 1385 288 1431 222.
307 1368 346 1431 C.
369 1369 425 1453 β’.]
460 1370 610 1433 Sumtum
637 1392 676 1434 cx
702 1368 871 1435 Plutarcho
893 1369 928 1433 in
953 1368 1037 1434 Vita
1060 1365 1203 1456 Lysandri

170 1488 203 1553 p.
225 1471 301 1553 436.
325 1471 364 1535 C.
391 1474 453 1556 leq.
498 1470 639 1535 Breviter
666 1485 699 1535 et
726 1471 861 1557 carptim
894 1472 994 1537 refert
1026 1470 1201 1556 Xenophon

171 1571 333 1636 Hellenic.
359 1575 385 1636 1.
409 1577 439 1637 ό.
461 1591 491 1655 7.
534 1574 578 1636 Et
602 1575 671 1637 haec
690 1595 760 1659 pers
783 1573 979 1639 defideratur
999 1574 1036 1639 in
1062 1573 1119 1640 illo
1136 1573 1201 1638 loon

169 1671 256 1736 Vltae
283 1672 443 1760 Lysandri,
466 1678 535 1759 Οὐχ
558 1672 626 1737 οὕτω
640 1673 972 1761 σπνὸαςέον-Σπᾶρτης
985 1683 1092 1742 ποιεῖν.
1125 1674 1200 1763 Qui·

168 1774 229 1838 bus
252 1774 285 1838 in
300 1776 400 1840 verbis
424 1780 477 1860 οὐχ
504 1775 690 1840 sententiam
713 1775 833 1855 obruit,
854 1800 927 1864 quae
951 1776 1139 1864 hujusmodi
1155 1799 1200 1841 re·

166 1877 316 1962 quiritur,
341 1880 390 1943 Itu
413 1882 545 1967 pecuniae
559 1878 752 1964 studendum,
775 1891 809 1942 ut
832 1904 869 1941 ne
891 1878 967 1966 quid
989 1879 1106 1967 Sparta
1126 1877 1199 1942 imii-

164 2004 260 2065 gnum
276 1981 455 2067 jhcr'umrrs:
489 1996 586 2068 atque
609 1982 648 2045 fic
671 1981 880 2046 reddiderunt
903 1981 1026 2068 Regius
1056 1992 1092 2046 et
1115 1980 1197 2045 Eras-

167 2103 263 2146 mus:
295 2098 329 2147 et
354 2083 393 2149 fic
418 2083 519 2148 voluit
543 2082 732 2148 Hurleianus
757 2081 869 2164 codex,
898 2105 958 2170 pro
989 2084 1103 2163 ἀνάξιον
1127 2083 1197 2149 dana

165 2181 254 2261 ἄξιον.

209 2307 283 2355 222.
297 2293 333 2355 Ε.
357 2289 415 2376 γ’.]
442 2293 481 2355 ln
496 2290 632 2378 Agefilai
647 2290 739 2356 dictis
753 2291 854 2354 fertur
875 2310 909 2375 p.
926 2309 1003 2375 213.
1022 2290 1065 2355 C.
1081 2304 1193 2376 et190.

165 2390 202 2454 F.
220 2391 274 2453 ubi
289 2392 351 2455 ulia
364 2393 460 2456 etium
477 2394 667 2457 notavimus.

208 2511 281 2558 222.
298 2494 335 2555 Ε.
359 2493 406 2578 δ’.]
443 2496 483 2557 Et
506 2495 567 2558 hoc
586 2518 624 2559 ex
647 2494 785 2582 Agcfilni
807 2492 901 2557 dictis
923 2494 991 2559 huc
1007 2496 1193 2573 transsatum,

163 2610 250 2660 certe
266 2594 432 2659 confusum
449 2619 523 2659 curn
540 2596 595 2659 illo
610 2621 643 2683 p.
657 2617 729 2681 213.
747 2599 790 2661 D.
805 2595 861 2674 ξδ’.

207 2717 281 2763 222.
299 2701 336 2763 Ε.
360 2700 406 2784 ε’.]
433 2702 459 2764 Ε
482 2701 700 2787 Xenophonte
726 2698 888 2765 llellenic.
912 2700 940 2762 l.
962 2701 996 2764 6.
1023 2720 1086 2786 23:
1117 2697 1191 2764 unde

159 2800 259 2866 etiarn
277 2802 392 2867 Cicero
408 2803 471 2866 off.
489 2805 514 2866 l.
533 2823 584 2884 24.

206 2921 279 2968 222.
301 2907 337 2969 E.
360 2905 412 2989 52]
440 2906 598 2970 l'otiorenr
621 2903 808 2970 narrationis
831 2916 968 2988 partem,
991 2927 1068 2989 quae
1091 2902 1191 2968 termi-

161 3020 257 3069 natur
277 3005 365 3070 dicto
385 3011 430 3069 or
449 3011 519 3090 παρ’
537 3008 583 3071 ἕνα
605 3013 643 3070 ταὶ
661 3007 808 3091 Σπάρτας,
833 3005 930 3068 habet
955 3005 1145 3070 Plutarchus
1165 3005 1192 3068 iu

162 3105 314 3190 Pelopida
331 3129 364 3192 p.
382 3110 454 3190 278.
473 3108 513 3174 C.
554 3109 701 3172 Formula
724 3110 797 3190 παρ’
812 3107 857 3169 ἵνα
871 3107 909 3167 τά
922 3106 1018 3185 rubr,
1035 3106 1122 3193 sulus
1138 3106 1191 3169 ali-

159 3205 240 3293 cujus
256 3207 359 3269 inuno
375 3209 488 3270 homine
505 3210 598 3296 posita
621 3207 669 3293 cst,
693 3205 903 3294 intelligenda
920 3229 961 3270 ex
975 3207 1016 3270 ils
1030 3231 1104 3295 quoe
1118 3205 1191 3271 dixi·

161 3331 233 3372 ntus
248 3307 287 3371 arl
304 3330 336 3394 p.
357 3328 427 3393 177.
445 3312 488 3374 D.

201 3435 233 3498 p.
249 3432 322 3496 223.
338 3414 380 3475 Α.
405 3414 719 3477 ΚΛΕΟΜΒΡΟΤΟΎ
733 3415 817 3475 ΤΟΥ
833 3408 1110 3499 nmmum]
1136 3407 1193 3475 Hic

159 3513 303 3578 Leuctris
326 3513 461 3578 cecidit:
494 3513 605 3577 multis
627 3529 835 3590 memoratus,
850 3535 931 3598 quos
952 3513 1074 3598 partim
1093 3510 1194 3578 citarit

158 3616 317 3681 hlcnrtius
340 3618 391 3680 Dc
416 3618 526 3702 Regno
549 3615 667 3679 luced.
691 3618 770 3679 XII.
795 3638 826 3700 p.
843 3618 897 3677 61.
936 3612 1088 3700 Ejusdem
1104 3635 1195 3701 argu·

158 3720 258 3783 ruenti
275 3721 317 3783 est
332 3719 454 3783 diclurn
470 3718 605 3805 alicujus
626 3740 689 3782 non
715 3716 870 3781 nominati
888 3716 1040 3802 Spartani
1058 3716 1101 3780 ad
1116 3719 1193 3781 Der·

157 3821 321 3908 cyllirlanr,
350 3821 512 3907 proditum
537 3819 569 3883 in
595 3820 672 3883 Vita
700 3817 840 3906 Lycurgi
863 3840 897 3905 p.
912 3819 968 3898 48.
992 3820 1034 3882 C.
1062 3817 1193 3902 indeque

156 3926 292 3989 relatum
310 3925 341 3988 in
360 3923 529 4009 Apophtlr.
547 3925 623 3985 [nc.
640 3921 782 4009 Lycurgi
797 3944 827 4006 p.
845 3939 918 4001 227.
937 3922 972 3985 F'.

201 4047 274 4111 223.
290 4031 332 4091 A.
360 4026 739 4090 K.tt:0.t1En·m'2T0·.
765 4023 1122 4107 unumunurn]
1148 4021 1193 4085 De

155 4128 218 4191 hoc
234 4131 383 4214 frequens
399 4128 484 4213 npnd
500 4130 632 4190 Veteres
653 4126 787 4203 mentio,
802 4147 883 4212 quos
899 4125 1019 4210 partim
1037 4145 1191 4191 memora·

153 4230 199 4296 nit
214 4231 373 4298 Meurtius
395 4232 447 4297 Du
467 4232 571 4318 Regu.
586 4227 705 4295 Laced.
721 4228 800 4294 ΧΠ.
824 4249 857 4315 p.
873 4243 915 4313 57
931 4253 941 4295 z
966 4250 1108 4317 regnum
1128 4224 1190 4314 ejus

342 4508 493 4568 A
