2700 4928
1 275 2 278 ’
132 281 210 348 1190
321 271 361 332 D.
374 271 427 332 W.
447 219 656 332 sumant.
676 268 726 331 IN
745 267 980 332 muranum

129 433 361 522 Spartanorum
380 446 600 500 commentum
619 433 757 500 relatum
778 456 798 499 a
816 432 992 500 Plutarcho
1012 434 1066 501 De
1084 433 1163 502 Gar·

129 536 260 604 uilitate
277 558 310 624 p.
324 530 400 623 513.
415 538 468 602 A:
490 535 633 602 malms
655 537 818 624 γράψαντος
837 540 860 600 ri
880 535 1011 624 δίχοντω
1028 541 1063 624 τῇ
1083 537 1166 604 ctis

130 640 225 717 «irie,
250 642 286 714 ils
311 639 421 726 χάρτην
449 643 508 703 ou
532 638 612 725 μέγα
639 638 802 725 γράψατττς
830 637 1002 713 &siralais
1036 639 1078 705 de
1103 661 1166 728 quo

131 739 343 806 conferendus
366 739 409 804 est
434 739 668 806 Valckenarius
689 739 730 806 ad
753 739 919 808 Theocrit.
941 761 977 828 p.
992 744 1070 809 262.
1106 739 1166 806 Sed

130 862 170 910 ea
186 841 263 909 diui
283 863 369 928 pars,
392 866 464 929 quae
486 842 519 908 in
541 841 680 930 vulgatis
698 843 854 931 exemplis
876 843 992 924 fertur,
1007 843 1106 931 paulo
1120 842 1166 908 di·

131 943 214 1008 nerse
228 940 375 1029 proditur
391 964 410 1007 a
425 942 583 1008 Cicerone
595 943 690 1008 Tusc.
702 945 744 1008 V.
758 965 816 1026 14²
839 944 1075 1025 Loudaemonii,
1092 944 1166 1008 Phi·

129 1039 209 1132 lippo
228 1041 386 1107 minitante
407 1058 463 1131 per
483 1041 586 1109 literas
600 1046 639 1131 se
658 1045 756 1108 omnia
778 1069 848 1132 quae
869 1058 1048 1110 conarentur
1067 1045 1166 1132 probi

131 1144 273 1226 diturum,
296 1147 509 1236 quaeſsvemnt,
533 1147 615 1211 Num
632 1149 671 1233 se
691 1147 760 1235 effet
784 1149 874 1214 etiam
897 1147 972 1212 niori
998 1149 1165 1238 prohibitu·

130 1270 193 1312 rur.

174 1364 248 1437 235.
263 1351 302 1414 B.
328 1348 398 1434 nt]
429 1350 553 1415 Partem
578 1349 678 1439 hujus
700 1347 835 1415 historiae
859 1349 1031 1439 attigimus
1054 1372 1091 1439 p.
1112 1351 1164 1434 64.

130 1450 176 1520 D.
192 1453 249 1519 ubi
265 1450 450 1541 responsum
464 1475 483 1518 a
499 1454 664 1541 Spartanis
677 1452 851 1539 Antipatro
867 1452 979 1519 datum
997 1454 1096 1540 paulo
1108 1454 1164 1519 ali·

131 1567 183 1621 ter
207 1554 361 1621 refertur:
392 1567 426 1620 et
453 1554 541 1641 quod
566 1555 724 1620 hocloco
753 1565 900 1620 narratur
925 1569 965 1620 ut
992 1555 1164 1642 Antipatro

130 1654 256 1742 datum,
284 1656 371 1722 idem
397 1671 435 1722 ut
459 1657 606 1745 Philippo
630 1657 812 1744 responsum
838 1672 999 1722 memorat
1021 1658 1166 1724 Valerius

131 1757 308 1836 Maximus,
323 1771 411 1824 certe
426 1756 482 1839 ita,
496 1771 533 1823 ut
547 1759 666 1824 diversa
679 1757 764 1823 diua
781 1756 915 1822 invicem
931 1758 1065 1824 confusa
1078 1752 1163 1825 vide·

130 1872 238 1940 antur,
257 1862 317 1925 vl.
333 1880 366 1943 4.
388 1863 462 1925 Ext.
476 1882 518 1942 4:
542 1859 638 1948 legati
658 1859 1164 1926 Lacedaemoniorum-intolerabi-

130 1958 208 2027 libus
222 1962 357 2028 oneribus
371 1987 469 2028 eorum
485 1963 632 2028 civitatem
647 1963 811 2051 implicanti
829 1962 997 2051 (Philippo)
1024 1966 1088 2051 “ſs
1095 1965 1168 2054 qnid

131 2068 156 2104 “
170 2074 261 2127 morte
277 2064 410 2151 gravius
430 2064 573 2151 imperare
592 2067 805 2155 perseveraret,
829 2076 948 2128 mortens
957 2067 997 2153 se
1013 2066 1163 2154 praelatrt·

130 2170 156 2205 “
171 2189 229 2245 ros,
253 2166 495 2252 responderant?
532 2165 682 2255 Ephorus
701 2165 849 2231 Eteocles
872 2165 953 2232 alius
975 2167 1019 2232 eli
1037 2167 1072 2233 in
1090 2168 1163 2236 Vita

131 2268 284 2358 Lysandri
300 2290 333 2357 p.
345 2290 422 2355 443.
437 2273 473 2335 F.

174 2390 213 2457 23
215 2389 247 2456 5.
264 2369 304 2436 C'.
326 2370 395 2457 νβ’.]
421 2373 505 2437 Duoe
524 2369 565 2435 ad
583 2370 669 2436 idem
687 2373 870 2460 exemplum
886 2372 1101 2442 conformata
1112 2374 1161 2442 hi·

130 2470 241 2551 storia,
267 2493 405 2556 quarum
429 2471 579 2558 posterior
601 2472 756 2560 majorem
778 2472 820 2539 ad
843 2475 985 2540 nostrum
1002 2475 1161 2562 judicium

129 2573 227 2639 habet
255 2571 557 2639 verifimilitudinem
584 2574 762 2641 testimonio
794 2575 958 2641 Ciceronis
984 2578 1038 2643 De
1064 2581 1161 2646 Sene·

129 2676 218 2743 &ute
235 2677 373 2742 XVIII:
394 2677 583 2741 —rnemoriae
599 2679 749 2764 proditum
767 2677 815 2764 gli,
836 2703 900 2742 cunt
916 2680 1059 2760 Athenis,
1074 2681 1161 2762 ludis,

129 2777 252 2866 quidam
266 2778 298 2841 in
316 2777 463 2842 theatrum
478 2779 607 2866 grandis
627 2791 702 2843 notu
721 2779 854 2866 oeniffet,
871 2781 902 2844 in
917 2804 1027 2868 magno
1041 2785 1161 2871 conseffir

128 2877 223 2945 locunt
241 2881 302 2944 eia
312 2881 382 2966 suis
397 2880 512 2945 nvibus
526 2882 671 2968 nusquam
686 2881 812 2946 datum:
835 2906 899 2946 cum
918 2897 1019 2947 autem
1036 2887 1081 2948 ad
1097 2886 1160 2950 Lo·

128 2981 314 3045 erdaenonios
327 2980 489 3069 accefflfflt,
504 2983 568 3070 qui,
583 3007 645 3048 cun
661 2983 756 3071 legati
770 2985 867 3070 ostent,
882 2998 959 3050 certo
973 2987 1007 3049 in
1022 2987 1082 3052 loco
1095 3013 1160 3053 eon·

117 3083 274 3170 sederant,
290 3084 494 3172 consurrexiffe
510 3107 618 3164 omnes,
637 3098 664 3149 et
675 3089 776 3171 senem
791 3087 874 3151 illunc
884 3088 999 3175 seffum
1014 3092 1161 3181 recepisse:

128 3182 234 3272 quibus
257 3206 322 3247 cum
346 3208 367 3246 a
385 3191 485 3248 cuncto
504 3187 626 3272 conseffic
652 3186 775 3274 plausus
797 3189 862 3275 estet
884 3189 1040 3276 multiplex
1061 3192 1159 3269 datas,

127 3286 234 3377 ‹lixiffl
254 3312 290 3352 cx
311 3287 348 3352 iis
369 3291 534 3375 quemdam,
556 3291 749 3380 Athenienses
765 3293 845 3383 scire
865 3318 936 3382 qua
958 3303 1041 3360 redte
1065 3298 1160 3383 efflui,

117 3391 180 3480 sed
193 3389 303 3478 facere
323 3388 411 3454 nolle.
452 3391 540 3458 Hinc
563 3391 716 3473 sumtum,
738 3409 862 3460 mutata
887 3394 1028 3462 didiione
1052 3397 1161 3462 retulit

128 3491 276 3558 Valerius
297 3491 461 3557 Maximus
481 3493 540 3558 IV.
554 3509 588 3577 5.
612 3495 735 3571 ΕΜ.
772 3497 928 3583 Scriptor,
949 3520 969 3562 a
991 3497 1086 3585 cujus
1104 3521 1158 3563 au·

33 3603 38 3608 '
128 3592 275 3660 &oritate
288 3592 360 3659 haec
382 3593 520 3658 narratio
541 3595 643 3674 fluxit,
667 3595 699 3660 in
722 3599 962 3685 reprehenfione
977 3599 1160 3665 Athenien·

128 3693 206 3760 frum
222 3694 344 3760 diuum
364 3694 571 3782 Euripideum
589 3699 760 3783 expreffiffe
776 3700 912 3778 videtur,
927 3701 1017 3787 quod
1036 3700 1069 3765 in
1085 3702 1160 3767 Fra·

126 3796 268 3884 gmentis
292 3818 331 3861 ex
360 3796 469 3862 fabula
492 3796 670 3885 Chryfippo
693 3802 736 3865 est
767 3803 870 3866 Num.
895 3803 940 3867 II.
965 3803 1017 3882 Al,
1041 3802 1084 3882 el,
1107 3803 1162 3866 τίδ’

126 3898 173 3976 ἤδη
194 3904 265 3963 θεῖον
285 3897 436 3987 ἀνθρώποις
455 3899 552 3978 κακὸν,
561 3898 654 3964 Ὅταν
667 3927 709 3976 τις
727 3905 778 3990 εἰδῇ
792 3906 931 3987 τάγαθὸν,
947 3910 1056 3993 χρῆταη
1069 3907 1098 3970 δὲ
1109 3905 1159 3988 μή.

128 3998 213 4064 Illud
232 4014 340 4066 autem
362 4001 456 4081 senia,
478 4002 600 4080 Κινῆσας
620 4004 721 4069 πολιόν
742 4033 773 4070 rs
796 4007 866 4095 reign
885 4008 980 4072 πολιόν
998 4034 1031 4072 rr
1049 4009 1160 4094 ydram,

126 4103 260 4170 dudium
276 4128 315 4184 ex
330 4104 429 4171 Iliade
446 4106 489 4170 X.
505 4123 521 4189 7
549 4155 557 4171 .
573 4109 664 4174 nobis
677 4126 824 4186 notatum
840 4114 882 4178 est
896 4134 930 4200 p.
945 4130 1020 4200 170.
1036 4117 1077 4183 E.

170 4221 244 4292 235.
259 4207 299 4271 E.
320 4205 385 4292 vest]
408 4207 567 4297 Byzantio
579 4211 768 4283 adscribitur
781 4235 816 4303 p.
826 4231 903 4302 525.
918 4217 965 4284 D.
