2700 4928
288 341 349 408 702
476 336 515 396 D.
529 337 581 396 W.
600 334 807 398 ANIMADV.
827 333 876 397 IN
895 329 1126 397 rturnncffl

287 496 445 586 θεραπείας,
466 499 622 587 καθάρσιον
636 502 871 588 φαρμακνυεικαῖς
889 495 1052 586 ἁταγοςείοι
1065 498 1185 584 nidor
1195 494 1314 583 τραχεῖα

289 624 353 687 pm,
367 602 412 664 hd
426 603 458 665 τί
478 603 529 665 δεῖν
542 603 695 689 περιμένειν
708 604 756 680 τὴν
769 605 845 665 κατὰ
862 601 941 683 φύσιν
960 607 1014 665 τῶν
1031 597 1194 681 νοσημάτων
1205 596 1313 663 ultav-

286 725 342 779 τεν,
358 698 404 780 καί
415 705 453 783 μὴ
466 704 527 776 ταῖς
541 702 641 782 βιαίοις
662 706 789 784 ἐντομαῖς
809 700 1023 765 πολλαπλάσια
1040 705 1134 763 ταῦτα
1149 698 1313 786 ἀπεργάζε-

284 807 366 883 σθας.
404 803 542 868 Platonis
555 819 751 890 praeceptum
766 801 998 869 exstat'limaeo
1011 822 1045 888 p.
1058 813 1133 886 551.
1146 800 1193 866 D·
1223 798 1313 866 Dion

287 902 762 991 ChrysostornusOr.XXX11.
783 926 816 990 p.
830 920 906 991 379.
921 902 960 968 B.
982 899 1022 966 de
1043 899 1179 967 levando
1198 898 1309 967 lustu:

284 1000 373 1092 ίτνςος
387 1007 413 1069 ll
427 1006 462 1070 αὖ
475 1007 571 1094 τρίτος
585 1011 670 1071 αὐλοῦ
683 1034 714 1071 τε
727 1008 748 1092 ’l
762 1008 828 1092 ᾠδῆς
841 1010 867 1070 ίν
880 1003 1057 1070 wirham&
1080 1001 1172 1093 εῖοτνρ
1186 1009 1211 1068 oi
1224 1005 1311 1091 ίεετροί

282 1111 322 1173 τοὶ
341 1108 546 1192 φλεγμαίνοντα
566 1118 620 1173 τῶν
639 1116 726 1173 ίλκῶν
740 1106 909 1194 ὑγραίνοντες
930 1105 976 1186 καί
992 1105 1223 1188 μαλακοτονεῖνίες
1235 1106 1310 1170 ν’ννιί-

282 1209 348 1271 διινα
362 1209 474 1288 ἔθηκαν.
510 1211 548 1274 In
568 1207 792 1296 distinguendis
806 1207 929 1273 duabus
948 1205 1079 1272 remedii
1096 1207 1207 1273 sormis
1227 1207 1310 1273 ratio

282 1309 337 1373 sthi
352 1333 415 1375 non
432 1311 504 1375 satis
519 1313 656 1376 constat:
680 1309 842 1397 quomodo
852 1310 938 1374 enim
953 1315 1034 1387 ἡτῶν
1048 1308 1146 1387 ἔξωθεν
1160 1309 1311 1397 ίτνχρίςενν

283 1411 403 1487 latrem
425 1435 488 1478 non
511 1414 589 1478 item
613 1415 655 1479 est
676 1415 788 1494 βοίδια
811 1416 856 1477 διὰ
875 1411 1039 1498 φαρμάκων,
1061 1409 1213 1497 liquidem
1235 1412 1309 1500 φάρ-

280 1540 370 1594 μακον
392 1515 434 1578 est
455 1514 553 1579 totius
574 1515 700 1601 generis
722 1515 863 1579 nomen?
888 1509 945 1577 Nil
961 1511 1168 1599 requirerem,
1191 1511 1212 1576 si
1232 1512 1308 1577 scri·

282 1628 377 1700 ptum
390 1616 465 1680 effet
479 1624 651 1698 φαρμακειῶν
663 1639 671 1680 r
695 1614 813 1680 dicitur
827 1611 913 1678 enim
926 1611 1099 1700 φαρμακία,
1113 1613 1309 1699 φαρμακεύειν,

282 1717 482 1800 φαρμακευτις,
505 1717 545 1782 de
567 1713 725 1796 remediis,
740 1736 813 1803 quae
832 1714 917 1778 intua
932 1712 974 1779 ad
993 1712 1199 1800 purgandum
1213 1713 1308 1780 adhi-

282 1816 410 1896 bentur,
432 1831 470 1883 ut
485 1818 581 1883 docet
595 1817 708 1884 Foesrus
723 1818 844 1882 OEcon.
861 1814 1051 1901 Hippocrat.
1071 1834 1104 1900 p.
1115 1833 1192 1901 391.
1231 1815 1308 1883 Pot-

280 1932 349 1985 erat
370 1919 424 1984 illa
441 1943 513 2007 quse
535 1920 669 2008 superest
690 1919 869 1996 difficultas,
884 1916 1047 2004 quomodo
1067 1915 1113 1996 id,
1131 1917 1187 1983 cui
1199 1916 1307 2005 impo-

281 2035 402 2086 nuntur
417 2021 513 2101 ἔξαθεν
526 2022 670 2109 ἐτίχριςα,
685 2020 785 2109 perse
800 2019 903 2104 ipsum
923 2016 1006 2094 τέείιν
1026 2039 1064 2082 ac
1086 2019 1307 2086 maturitatem

281 2121 440 2207 accipiat:
475 2138 612 2209 poterat,
641 2121 782 2208 inquam,
805 2121 860 2184 ista
882 2117 1050 2183 difficultas
1077 2117 1124 2183 ita
1149 2118 1243 2201 dilui,
1269 2136 1307 2186 ut

282 2237 444 2306 tamquam
459 2223 500 2286 ad
513 2222 658 2286 eamdem
672 2221 808 2286 formam
824 2219 1014 2305 pertinentia
1027 2233 1233 2307 opponantur
1245 2228 1307 2299 ταῖς

280 2321 473 2405 φαρμακείαις,
487 2323 606 2407 quippe
624 2321 710 2385 intus
732 2318 882 2385 adhibitis
904 2319 1119 2407 majoremque
1134 2318 1199 2387 vim
1213 2322 1305 2390 adse·

249 2426 252 2431 “
280 2422 434 2486 rentibus.
462 2424 556 2486 Hanc
570 2421 696 2487 dicendi
711 2422 1001 2507 interpretandique
1015 2421 1172 2487 rationem
1187 2422 1222 2488 in
1235 2423 1307 2490 aliis

279 2537 426 2587 accuratc
440 2522 561 2609 scriptis
578 2522 736 2588 Plutarchi
758 2521 845 2587 libris
867 2545 930 2586 non
953 2522 1161 2609 probem3in
1175 2523 1253 2605 hoc,
1267 2540 1305 2591 ut

279 2623 385 2688 minus
400 2638 545 2689 accurate
559 2639 593 2689 et
610 2646 683 2689 cum
700 2624 834 2712 juvenili
856 2624 1065 2691 redundantia
1085 2626 1216 2714 scripto,
1238 2651 1304 2693 non

279 2726 319 2790 ad
341 2727 443 2792 virum
465 2727 613 2792 resecem.
647 2727 803 2814 Ἐτίχριςα
824 2727 872 2792 vel
890 2727 982 2814 χρίςα
995 2751 1066 2815 quae
1086 2729 1158 2808 lint,
1178 2749 1219 2795 ert
1239 2729 1305 2818 ipsa

279 2828 425 2893 divisione
446 2838 500 2892 τῶν
520 2829 671 2916 φαρμάκων
697 2829 882 2916 pervulgata
905 2829 965 2894 illa·
983 2828 1185 2918 intelligitur,
1205 2850 1303 2918 quam

279 2930 389 3015 paucis
404 2930 504 2995 verbis
518 2931 712 2996 Artemidori
735 2933 792 2995 IV.
808 2949 860 3012 24.
883 2951 916 3016 p.
933 2947 1006 3015 215.
1029 2937 1133 3019 χριςὰ,
1148 2932 1302 3012 ἰτίτλαςα,

276 3035 384 3114 βρονταὶ,
398 3038 481 3112 τοτα,
504 3033 754 3098 Hemsterhufius
768 3032 808 3096 ad
822 3032 1041 3118 Aristophanis
1055 3033 1140 3098 Plut.
1153 3050 1227 3121 717.
1242 3057 1302 3122 po-

277 3133 349 3210 suit,
366 3134 538 3221 attigitque
553 3135 711 3200 Stanleius
725 3133 766 3200 ad
781 3133 923 3221 AEschyl.
939 3138 1044 3200 Prom.
1054 3150 1136 3221 479:
1159 3136 1302 3203 Valcke-

277 3234 383 3298 narius
397 3236 437 3299 ad
448 3236 558 3322 Eurip.
575 3234 710 3321 Hippoi.
724 3236 800 3318 516.
821 3234 1027 3305 Theocritum
1042 3235 1092 3301 Id.
1104 3235 1166 3302 xl.
1178 3257 1211 3305 τ.
1233 3241 1300 3305 Eu-

275 3334 385 3420 ripidis
407 3359 446 3401 ex
467 3340 567 3403 Inone
586 3337 714 3402 servavit
736 3338 881 3402 Stobaeus
903 3357 935 3422 p.
954 3354 1026 3404 222.
1048 3337 1135 3424 apud
1150 3340 1299 3429 Musgra·

275 3437 360 3502 rium
382 3438 414 3502 in
439 3440 636 3527 Fragmentis
655 3438 788 3524 positum
801 3441 842 3503 T.
860 3441 922 3504 111.
941 3460 974 3525 p.
982 3440 1062 3524 567:
1085 3440 1239 3528 -μίχὸος
1254 3447 1298 3508 la·

274 3543 346 3626 τροῖς
366 3539 457 3623 μέγας
473 3545 579 3621 Τομαῖς
599 3543 734 3626 ἀφαιρεῖν,
756 3538 771 3616 ῖς
793 3544 894 3619 ποτοῖς,
914 3539 929 3617 ἢ
947 3539 1102 3628 φαρμάκοις
1120 3547 1229 3609 Πατῶν
1245 3570 1298 3627 με·

273 3641 354 3728 γίςην
372 3649 426 3704 τῶν
446 3647 473 3704 ir
492 3641 643 3728 ἀνθρώποις
660 3642 762 3704 νότωνε
787 3642 935 3727 scriptum
956 3665 976 3706 a
996 3655 1093 3728 poeta
1114 3644 1262 3710 censeam
1283 3644 1299 3721 ί

271 3747 377 3807 auarior
399 3741 565 3828 φαρμάκοις.
600 3742 663 3808 Sed
678 3742 811 3828 ίτίχρνςα
825 3765 952 3830 quoque
968 3742 1001 3808 in
1016 3743 1181 3832 δηλητηρίονς
1194 3747 1301 3815 censet

272 3845 414 3932 scriptor
442 3844 528 3908 Vitae
562 3843 695 3908 Homeri
725 3843 897 3910 Plutarcho
925 3863 1088 3931 perperam
1120 3845 1298 3935 adscripta,

272 3946 393 4012 CCXI.
416 3945 525 4009 nostrae
542 3943 704 4024 editionis,
728 3966 761 4029 p.
776 3961 852 4030 397.
871 3945 904 4009 in
924 3945 986 4010 Th.
1001 3945 1095 4011 Galei
1108 3946 1297 4034 Opusculis·

269 4061 303 4110 et
317 4047 403 4112 Dion
419 4045 532 4132 Chrys.
546 4047 603 4111 Or.
612 4046 801 4111 LXXVIII.
814 4069 848 4133 pt
861 4048 935 4133 663.
946 4047 990 4113 A.
1017 4049 1068 4112 Ex
1080 4050 1233 4115 consueta
1245 4072 1297 4116 ra·

267 4146 356 4211 tione
374 4148 408 4213 in
430 4146 617 4212 salutaribus
632 4168 670 4211 ea
684 4160 830 4213 numerat
848 4146 1042 4232 Porphyrius
1057 4151 1112 4214 De
1123 4149 1250 4217 Abarin.
1268 4151 1297 4219 1.

262 4255 299 4328 -7.
317 4248 532 4316 lamblichus
555 4248 624 4313 Vit.
651 4245 789 4334 Pythag.
813 4247 935 4330 §.·163.
956 4246 999 4314 de
1021 4249 1146 4317 ratione
1170 4251 1301 4325 medica

689 4602 813 4646 A
