2700 4928
183 111 245 189 69⁶
374 115 474 175 uw.
494 114 702 177 anmanv.
721 116 769 175 m
789 112 1019 176 enormem

186 263 362 356 sententiis,
377 290 410 342 et
431 275 525 364 plane
539 276 766 344 Plutarcheusr
789 277 842 343 sed
858 272 1064 343 adolescentia
1085 252 1210 339 niatu-

185 375 240 441 cbi
253 397 328 443 eum
343 379 415 459 esse,
430 381 572 466 produnt
587 382 729 459 materia,
744 380 841 460 stilus,
856 380 948 445 ratio.

227 477 365 566 Materia
379 481 548 569 praecipuae
562 482 689 570 quidem
715 482 770 547 illa
786 481 946 547 suavitatis
965 494 998 544 et
1012 478 1211 566 praestantiae,

183 579 292 666 magis.
308 595 416 656 umen
434 583 537 650 aliena
550 607 646 671 quam
668 584 807 671 propria,
828 583 997 649 collectae
1017 579 1099 646 locis
1119 602 1211 649 com·

182 681 335 747 munibus
357 683 632 771 philosophorum,
647 707 706 750 nec
728 685 768 749 ad
787 699 906 749 certam
923 682 1039 769 judicii
1054 682 1211 748 rationem

180 781 309 863 exeda3
339 797 384 864 et,
399 784 485 872 quod
505 786 537 850 in
558 786 706 850 Corinnae
729 785 769 849 ad
792 785 961 851 Pindarum
976 782 1210 849 adolescentem

182 883 269 949 disto
283 886 395 965 fertur,
415 910 479 952 non
497 910 595 952 manu
611 888 724 973 sparsa,
748 888 835 952 sede
856 888 946 952 sacco
962 886 1070 950 effusa.
1107 885 1211 952 Aliter

179 986 297 1073 scripfit
321 988 509 1054 Plutarchus
531 991 610 1055 virili
633 1006 666 1054 et
689 989 882 1076 provectiore
910 1001 1026 1053 aetate:
1056 978 1155 1054 'veluti
1176 989 1208 1054 in

182 1088 381 1177 Gorfirlationc
397 1093 440 1153 ud
463 1092 586 1155 Uxorem
596 1093 698 1178 suam,
722 1114 786 1154 non
808 1089 950 1154 lectionis
965 1088 1073 1173 copias
1094 1109 1209 1175 expro-

180 1211 284 1268 mens,
307 1191 358 1255 sed
378 1192 521 1277 proprios
543 1192 640 1256 animi
659 1192 763 1255 sensus
777 1191 926 1277 prodens,
944 1188 999 1275 qui
1020 1211 1095 1253 cum
1118 1211 1209 1255 com·

179 1293 333 1359 munione
354 1293 486 1373 doloris,
515 1295 630 1359 affedlu
656 1295 755 1381 patris
776 1308 811 1357 et
836 1293 953 1372 mariti,
983 1291 1157 1379 prudentia
1173 1308 1209 1359 et

177 1391 397 1457 moderatione
419 1393 475 1456 viri
496 1392 593 1471 dosii,
617 1414 673 1480 per
691 1406 792 1457 totam
810 1392 1012 1477 scriptionem
1035 1391 1207 1483 dominen-

177 1507 253 1558 tur:
289 1493 386 1558 veluti
408 1495 440 1559 in
465 1495 546 1560 libro
568 1497 617 1558 Dr
646 1493 762 1573 Exilia,
789 1494 844 1580 qui
871 1494 913 1558 est
942 1495 1020 1558 item
1044 1517 1063 1558 e
1089 1518 1208 1582 genere

178 1595 413 1676 Consolatorio,
433 1596 573 1661 arnicum
594 1595 776 1661 exulantem
795 1593 971 1672 consolans,
994 1596 1141 1681 exempla
1155 1596 1205 1661 hi·

175 1696 349 1776 storiarum,
367 1711 528 1785 praecepta
548 1698 823 1785 pbilosophorum,
840 1696 1010 1761 sententias
1024 1711 1205 1782 poetarum,

174 1809 208 1860 et
237 1800 368 1865 omnino
395 1800 505 1866 alienae
533 1802 640 1887 copias
665 1801 816 1866 dostrinae
843 1799 988 1877 adhibet,
1010 1800 1062 1864 sed
1086 1800 1143 1880 ita,
1168 1817 1205 1866 ut

175 1919 239 1962 non
261 1899 366 1964 subito
382 1901 508 1964 aliunde
523 1916 669 1985 arreptae,
686 1900 739 1964 sed
761 1900 884 1963 dudum
906 1899 996 1964 ledia
1014 1914 1048 1964 et
1065 1902 1205 1967 conditae

167 1997 237 2085 jam
252 2020 327 2062 cum
342 2000 505 2063 scribentis
519 2002 619 2085 copiis
635 2000 780 2064 coaluisse
796 1999 972 2065 videantur.
1008 2001 1107 2067 Hunc
1128 2025 1203 2088 pro·

172 2099 315 2183 prietatis
336 2101 477 2164 colorem
499 2101 709 2189 habitumque
730 2103 856 2168 obtinet
872 2105 993 2190 ubique
1013 2103 1204 2172 Plutarchus

170 2199 204 2264 in
226 2200 415 2265 assumendis
436 2202 711 2288 memorandisque
732 2203 865 2269 aliorum
882 2205 975 2270 dictis
989 2207 1203 2291 Scriptorum,

171 2316 208 2366 ut
223 2302 310 2366 esua
325 2301 427 2388 ipsum
444 2303 563 2388 potius,
579 2325 675 2390 quam
692 2304 830 2384 illorum,
850 2307 992 2392 persona,
1014 2306 1104 2392 loqui
1126 2330 1202 2374 eum

170 2401 279 2468 dicas:
304 2426 368 2468 nou
388 2402 544 2487 itemhoc
565 2404 597 2469 in
620 2405 713 2471 libro.
750 2406 866 2492 Estque
880 2406 993 2471 eadem
1013 2407 1080 2471 sere
1095 2408 1201 2473 diver·

168 2505 240 2570 sitas
257 2521 353 2592 atque
373 2503 436 2585 illa,
452 2527 549 2592 quam
570 2506 605 2571 in
624 2507 833 2572 admiscendis
848 2508 984 2572 orationi
997 2509 1135 2574 verfibus
1148 2511 1199 2575 in-

167 2622 217 2670 ter
237 2607 423 2693 Dionysium
444 2607 590 2673 Stoicum
612 2624 644 2673 et
665 2609 829 2673 Philonem
844 2609 1076 2674 Academicum
1099 2612 1199 2677 inter-

171 2708 260 2772 fuisse
280 2709 388 2773 scribit
411 2710 526 2775 Cicero
544 2710 637 2774 Tusc.
653 2712 697 2774 Il.
715 2731 751 2773 11
767 2736 776 2774 ε
799 2709 852 2773 ille
872 2711 947 2774 mim
968 2713 1053 2797 quast
1070 2711 1199 2795 ἆὶίίαια,

166 2809 246 2873 nullo
266 2810 386 2890 dilacio,
408 2812 495 2876 nulla
513 2811 687 2898 elegantia:
717 2812 764 2874 hic
791 2824 818 2875 et
841 2811 916 2876 ledia
930 2827 1068 2899 poemata
1090 2829 1120 2878 ct
1140 2816 1198 2881 Ioco

165 2914 360 3002 arlj'ungebat.

210 3014 306 3079 Porro
328 3015 360 3081 in
375 3015 462 3100 stile,
485 3015 517 3080 id
544 3017 599 3094 cst,
622 3015 654 3079 in
678 3015 830 3079 orationis
854 3016 967 3091 forma,
988 3030 1123 3101 apparet
1144 3041 1196 3084 re·

164 3113 340 3179 dundantia
361 3116 507 3202 quaedam
523 3115 684 3201 juvenilis,
707 3116 843 3180 imitatio
865 3117 1101 3200 compostionis
1123 3120 1195 3185 Pla·

120 3200 123 3204 Α
164 3214 281 3279 tonicae
303 3215 401 3293 illius,
421 3239 484 3281 non
507 3216 549 3281 ad
569 3217 764 3280 Socraticam
786 3217 1056 3302 perspicuitatem,
1078 3220 1134 3287 sed
1154 3223 1195 3287 ad

162 3317 317 3402 tragicam
336 3318 536 3404 gravitatem,
559 3319 778 3394 conformatae,
800 3319 832 3381 in
852 3319 1049 3405 synonymis,
1065 3343 1194 3410 praepo-

162 3417 337 3498 litionibus,
359 3418 534 3506 interjectis
555 3419 744 3498 enunciatis,
767 3419 965 3506 longioribus
983 3433 1017 3484 et
1037 3422 1093 3487 suo
1108 3444 1194 3492 nexu
1214 3454 1220 3463 ·

65 3562 69 3569 -
161 3521 271 3587 solutis
286 3520 511 3585 sententiarum
525 3519 860 3587 circumductionibus.

206 3621 356 3710 Denique
381 3621 471 3699 ratio,
497 3621 609 3701 idesi,
636 3620 814 3686 distributio
840 3622 994 3702 materiae,
1017 3637 1075 3688 aut
1098 3648 1191 3715 vaga,

160 3740 217 3790 aut
230 3724 331 3804 nulla,
346 3745 406 3788 nec
419 3723 481 3787 suis
494 3722 575 3789 locis
589 3736 622 3787 et
635 3738 898 3808 argumentorum
917 3724 1030 3790 finibus
1045 3741 1168 3794 notata.
1228 3750 1230 3755 ’

200 3827 273 3890 Nos
293 3826 381 3890 iiiam
405 3846 424 3888 a
447 3824 635 3889 Plutarchea
656 3825 758 3887 forma
780 3825 987 3890 diversitatem
1013 3830 1190 3897 notandam

156 3925 319 4006 duximus,
343 3948 406 3991 non
432 3937 469 3989 ut
490 3947 561 3995 eam
582 3924 859 4002 calumniaremur,
876 3926 927 3990 sed
946 3940 983 3989 nt
1005 3927 1189 4016 interpretis

155 4024 260 4103 officio
274 4025 540 4111 satisfaceremus,
564 4045 709 4091 neceam
723 4025 984 4109 reprebendimus
997 4032 1187 4098 temeritatis

593 4280 806 4408 A
