2700 4928
168 320 230 395 906
360 321 398 379 D.
406 321 456 381 W.
478 319 684 381 ANIMADV.
704 319 752 378 IN
772 314 1001 378 PLUTARCHI

169 488 195 521 “
211 481 444 546 Plutarcheum.
485 484 601 547 Porro:
634 480 874 567 descriptionem
900 477 991 545 omui
1013 499 1121 544 carcre
1142 498 1188 543 or·

169 589 193 621 “
208 582 281 646 dine
303 597 335 644 et
363 582 503 648 ratione:
532 584 616 648 dicta
643 583 787 668 factaque
808 581 905 669 vulgo
928 580 969 645 de
992 580 1186 666 sapientibus

169 688 192 719 “
206 682 374 761 celebrata,
398 682 459 746 illis
479 682 510 747 in
530 684 593 748 hoc
615 683 722 747 libello
741 683 786 747 ita
810 698 929 747 temere
946 696 980 746 et
993 681 1057 746 fine
1071 680 1182 746 deledu

168 787 190 821 “
206 782 239 847 in
254 804 365 848 eornm
380 784 526 872 personas
540 784 687 861 conferri,
707 796 745 848 ut
759 784 852 870 plane
866 783 1064 849 inducantur
1078 779 1142 847 vani
1155 794 1180 843 ct

168 889 192 919 “
210 883 308 968 inepti
330 884 489 969 sapientiae
508 887 732 949 ostentatores:
756 900 789 949 et
805 883 944 948 alienum
966 883 1030 948 eisc
1048 883 1089 946 ab
1108 881 1175 945 anti·

168 988 192 1020 “
206 982 337 1067 quitatis
351 986 546 1073 cognitione,
563 987 728 1056 mulierem
743 985 886 1051 convivio
899 983 1064 1057 adhibere.
1088 984 1173 1046 Tum:

168 1091 191 1122 “
208 1107 316 1148 verum
341 1085 546 1151 Plutarchum
574 1088 605 1151 in
628 1087 708 1151 libro
733 1086 773 1150 de
794 1088 839 1150 El
861 1083 1024 1171 Delphico
1043 1081 1171 1149 Eumetin

169 1190 193 1222 “
209 1208 272 1249 nou
287 1207 345 1270 pro
360 1188 422 1252 lilia
439 1188 585 1252 Cleobuli
600 1188 716 1266 Lindii,
732 1187 783 1251 sed
802 1209 860 1273 pro
880 1185 1048 1250 Corinthia
1065 1185 1170 1248 haben.

168 1292 191 1325 “
206 1287 373 1371 Denique:
399 1289 430 1351 in
451 1289 513 1352 hoc
537 1290 689 1353 Convicio
711 1311 775 1352 non
796 1287 965 1352 memorari
981 1286 1068 1350 illam
1082 1283 1169 1350 inseri·

168 1392 193 1424 “
206 1386 348 1473 ptionem
365 1390 407 1452 El
422 1389 586 1474 Delphici,
602 1413 660 1453 nec
676 1389 707 1451 in
720 1389 799 1453 libro
815 1386 976 1451 Plutarchi
991 1388 1043 1451 De
1053 1387 1093 1450 El
1109 1384 1169 1448 Del·

170 1493 194 1526 “
209 1487 305 1573 phico
326 1491 496 1557 memorari
517 1491 579 1559 huc
600 1489 690 1585 apud
704 1488 907 1557 Periandrum
932 1486 1080 1552 Corinthi
1100 1484 1168 1549 habi·

169 1594 193 1628 “
210 1602 279 1652 tum
297 1589 500 1669 Convivium3
524 1591 622 1677 igitur
631 1604 750 1677 ,mutuo
769 1590 830 1653 hoc
846 1588 967 1652 hlentio
981 1587 1090 1675 augeri
1102 1587 1168 1650 frau-

168 1694 192 1728 “
208 1687 256 1752 dis
270 1690 510 1775 suspicionem.”
547 1693 628 1778 Qnae
651 1691 787 1754 rationes
805 1688 959 1785 ejusmodi
981 1688 1064 1767 sunt,
1078 1700 1113 1751 ut
1127 1707 1166 1749 ne-

167 1789 287 1854 minem
312 1791 404 1855 facile
431 1791 538 1878 aliquo
562 1792 760 1877 antiquitatis
784 1807 817 1857 et
840 1792 1037 1867 Plutarcheae
1063 1787 1167 1855 rationis

167 1892 225 1955 usu
243 1891 412 1976 praeditum
427 1910 585 1958 moveant.
622 1897 707 1958 Nam
729 1895 845 1980 partim
868 1895 978 1980 perse
1004 1895 1074 1959 sunt
1091 1891 1167 1964 falsa,

166 1991 263 2057 veluti
285 1992 397 2079 prima,
420 1994 566 2074 secunda,
587 2009 619 2059 et
642 1995 753 2058 tertia:
780 1995 893 2079 partim
910 1994 956 2057 nil
970 1994 1044 2058 iude
1058 1989 1165 2057 confici-

165 2105 218 2157 tur
230 2094 423 2179 argumenti,
440 2097 611 2180 quominus
633 2095 728 2181 hujus
750 2095 893 2158 Convivii
914 2092 1048 2180 scriptor
1066 2093 1166 2159 Plutat·
1207 2162 1209 2177 Ι

164 2193 245 2257 chus
259 2193 366 2257 haberi
380 2193 506 2274 debeat,
523 2195 620 2259 veluti
635 2211 746 2280 quarta
760 2208 793 2259 et
808 2195 930 2280 quinta.
956 2196 1099 2260 Eumetis
1111 2190 1167 2279 qui·
1207 2216 1209 2276 !

164 2293 238 2357 dem
255 2293 541 2360 Corinthia'dicitur
559 2296 590 2358 in
608 2295 689 2360 libro
705 2296 745 2360 de
761 2298 805 2359 El
819 2295 981 2381 Delphico
1001 2317 1035 2380 p.
1051 2287 1166 2377 401.'B=
1206 2285 1209 2330 ³

163 2392 217 2456 sed
238 2392 379 2478 optimus
400 2394 500 2459 codox
522 2399 560 2460 E.
583 2419 640 2481 pro
660 2397 819 2483 Κορινθίαν,
835 2397 1021 2483 scripturum
1037 2398 1168 2462 tenorem
1206 2392 1209 2484 l

164 2493 220 2560 dot
244 2493 359 2559 Ῥοδίαν.
399 2496 451 2560 Du
475 2497 543 2561 stilo
567 2497 704 2561 diximus
730 2499 761 2561 in
786 2497 993 2563 Bibliothecae
1016 2498 1096 2563 Crit.
1116 2496 1169 2560 lo·

161 2618 194 2683 p.
213 2616 291 2662 1012
317 2596 391 2661 Stilo
415 2610 442 2660 ct
461 2599 590 2662 oratione
608 2599 731 2685 paulum
754 2599 858 2686 differt
878 2599 918 2662 ab
940 2599 1010 2662 aliis
1032 2589 1172 2663 Plutareli

151 2697 294 2785 sort'plit:
310 2698 372 2784 sed
390 2697 434 2761 itu
453 2712 494 2787 >ut
508 2700 688 2764 Plutarchus
708 2712 806 2762 tomen
825 2701 1011 2786 agmffcolur.
1049 2696 1176 2764 Omnino

161 2801 297 2867 debebat
311 2801 414 2867 oratio
435 2802 632 2889 aliquantum
646 2799 880 2866 accommodari
897 2800 939 2871 od
955 2800 1134 2888 argumenti
1146 2809 1176 2863 et

161 2902 411 2986 colloquentium
439 2905 640 2968 vetustatem:
672 2901 745 2965 indo
769 2901 801 2965 in
821 2901 1069 2966 dillimilitudine
1090 2901 1178 2966 cudat

160 3016 267 3066 tamen
291 3005 461 3070 similitudo
483 3028 555 3069 curn
579 3004 706 3089 reliquis
733 3003 890 3076 Plutarchi
913 3003 1056 3089 scriptisz
1086 3001 1184 3090 qualis

159 3125 179 3166 a
199 3118 293 3188 poeta
317 3106 507 3190 significatur
529 3106 560 3168 in
575 3106 748 3169 sororibus:
761 3106 863 3190 facies
882 3129 942 3168 non
963 3106 1094 3170 omnibus
1111 3130 1180 3183 asu,

160 3204 221 3266 Nec
237 3204 356 3290 diversa
373 3219 493 3270 tamen:
512 3204 629 3291 qualem
643 3206 720 3266 decet
734 3207 788 3290 effi
800 3210 944 3294 sutorum.
971 3208 1034 3272 Sed
1050 3207 1183 3294 amplio-

159 3326 225 3369 rem
241 3306 495 3371 confutationem
510 3319 544 3368 et
563 3304 755 3385 omittimus,
774 3320 810 3369 ut
825 3307 990 3392 putidam:
1014 3324 1049 3372 et
1062 3307 1181 3373 condo·

159 3429 272 3471 namus
287 3406 417 3493 reliquis
431 3408 598 3472 virtutihus
613 3408 668 3471 viri
688 3407 729 3473 de
746 3410 947 3495 ingeniorum
963 3409 1182 3476 culturabem

158 3507 281 3572 meriti:
314 3533 409 3595 quum
431 3510 518 3574 haud
544 3511 611 3574 scio
629 3533 669 3574 an
694 3511 887 3576 milliaria
913 3512 1000 3576 istam
1026 3512 1184 3577 induxcsit

157 3609 352 3701 opinionem,
376 3610 408 3677 in
430 3611 586 3696 principio
601 3611 914 3676 Animadversionum
935 3611 1019 3677 hanc
1038 3613 1185 3679 notulam

156 3712 343 3800 projiciens:
376 3714 555 3777 Convivam
584 3714 635 3776 boc
657 3737 682 3775 a·
701 3712 851 3798 venrtslate
872 3713 1080 3801 Xenophonlci
1099 3715 1184 3803 longe

155 3816 243 3902 tibull,
266 3827 294 3878 et
314 3814 404 3900 nefert
422 3839 530 3878 comm
551 3827 759 3901 conparatum,
777 3816 1006 3879 mercationem
1021 3819 1125 3883 &suis
1143 3817 1186 3881 ad

153 3921 313 4004 perfatuum
329 3914 462 4003 mogssri
483 3933 564 4003 opus,
588 3931 614 3979 et
625 3919 702 4001 jimt
724 3918 757 3979 in
776 3941 806 3980 uo
828 3941 886 3980 non
904 3932 1013 4004 pauco,
1036 3944 1108 4006 qua
1127 3944 1182 3984 nun

155 4018 300 4107 intelligo.
337 4021 417 4083 Mox
439 4017 479 4082 de
498 4017 678 4081 Niloxenn:
703 4018 772 4081 Nou
793 4018 884 4084 valde
905 4020 1040 4106 congruit
1055 4021 1182 4109 biskaiae

154 4122 236 4203 quod
247 4122 323 4184 bunc
335 4119 413 4207 fido
435 4119 546 4182 nemim
563 4119 744 4187 Nauteam
761 4120 870 4183 diam
892 4120 1108 4187 dianaticus.
1120 4122 1181 4208 sa·

153 4219 204 4283 cll·
242 4222 323 4287 Nam
342 4221 474 4287 Themis
493 4231 588 4283 aetata
602 4222 660 4307 qui
677 4222 753 4308 Qum
772 4235 800 4284 et
820 4223 922 4308 Croeso
936 4224 1066 4310 aqualis
1089 4223 1180 4300 visit,
