2700 4928
179 816 524 916 DANIELIS
567 812 1150 914 WYTTENBACHll
1271 820 1276 837 '

363 1076 975 1162 ANIMADVERSIONES

462 1547 878 1644 PLUTARCHI

287 1823 741 1891 APOPHTHEGMATA
772 1822 1056 1889 LACONICA.

544 2084 809 2125 4...-

155 2274 212 2388 P·
228 2323 302 2391 208.
318 2325 360 2391 A.
390 2327 717 2391 ΑΠΟΦΘΕΓΜΑΤΑ
742 2326 991 2410 ΛΑΚΩΝΙΚΑ.]
1027 2326 1102 2390 Hoc
1127 2347 1188 2392 no·

155 2423 244 2489 mine
257 2425 376 2491 citatur
390 2427 422 2493 in
439 2428 574 2493 Macarii
590 2428 855 2516 Chrysocephalae
876 2428 1003 2505 Roseto,
1018 2426 1111 2514 cujus
1134 2429 1190 2493 ln·

157 2525 264 2591 dicem
282 2528 423 2615 prodidit
443 2530 637 2596 Villoisonus
652 2531 816 2597 Auccdot.
831 2533 936 2596 Graec.
951 2532 991 2595 T.
1004 2530 1049 2594 ll.
1067 2551 1100 2614 p.
1112 2552 1144 2616 9.
1159 2534 1191 2595 ln

156 2637 211 2692 τῶν
238 2633 407 2694 Λακωνικῶν
434 2632 671 2717 ἀποφθεγμάτων.
715 2633 758 2697 Et
785 2632 818 2696 in
845 2631 1005 2718 Catalogo
1029 2630 1192 2716 Lampriu

155 2731 260 2797 Num.
276 2732 379 2798 CLX.
401 2733 611 2820 ἀποφθέγματα
627 2739 790 2813 Λακωνικὰ,
811 2732 986 2798 secundum
1007 2733 1032 2796 F
1032 2731 1108 2795 ulvii
1124 2734 1191 2797 Ur·

158 2831 214 2896 fini
236 2832 375 2915 librum;
398 2858 472 2900 nam
493 2835 630 2923 vulgaris
649 2835 779 2922 quidem
799 2834 895 2900 ledlio
917 2833 960 2897 est
980 2831 1193 2919 ἀποφθέγματα

155 2934 300 3010 Λάκωνος.
336 2938 388 3001 Est
407 2937 551 3023 profedlo
565 2936 618 3003 hic
633 2936 760 3001 libellus
777 2959 839 3001 non
855 2935 960 3023 magis
975 2934 1098 3022 spurius
1113 2958 1191 3002 cen·

158 3036 274 3102 sendus
288 3060 384 3125 quam
402 3040 544 3127 proxime
565 3039 779 3121 antecedens3
802 3040 955 3128 siquidem
970 3039 1117 3106 camdem
1133 3040 1192 3106 ha-

157 3140 214 3204 bet
235 3142 393 3207 rationem
411 3157 445 3208 et
465 3145 618 3209 formam:
643 3159 713 3209 tum
729 3143 901 3209 didionem
916 3143 1051 3209 omnino
1067 3144 1192 3210 Plutar-

156 3243 289 3309 cheam:
314 3267 411 3332 porro
425 3269 474 3310 res
490 3246 571 3332 ipsas
584 3268 697 3311 eorum
713 3246 868 3332 capitum,
885 3268 957 3333 quae
976 3245 1050 3312 sunt
1069 3247 1110 3312 dc
1130 3246 1192 3312 ho·

158 3345 301 3412 minibus
315 3370 453 3434 quorum
467 3348 552 3412 Vitae
574 3371 594 3411 a
616 3348 787 3414 Plutarcho
807 3349 929 3436 scriptae
946 3350 1079 3429 exstant,
1094 3348 1194 3414 veluti

158 3449 309 3537 Agelilai,
327 3450 479 3539 Lycurgi,
496 3450 657 3539 Lysandri,
670 3451 796 3539 Agidis,
810 3451 971 3517 desumtas
985 3451 1051 3515 fere
1065 3451 1107 3515 ad
1122 3473 1192 3516 vcr-

157 3551 239 3616 bum
261 3573 299 3615 ex
314 3551 429 3616 horum
452 3553 548 3617 Vitis.
584 3554 667 3640 Quae
683 3552 760 3617 item
779 3553 812 3617 in
827 3552 984 3638 superiore
1001 3551 1083 3617 libro
1097 3551 1194 3617 incise

159 3653 309 3721 vidimus.
348 3656 498 3743 Cumque
517 3657 705 3721 Plutarchus
722 3657 862 3722 universe
880 3656 911 3721 in
933 3655 1195 3744 apophthegma-

160 3755 248 3822 tibus
273 3757 463 3846 colligendis
489 3772 523 3824 et
548 3759 851 3837 commemorandis,
874 3758 960 3823 haud
981 3771 1195 3825 contemnen-

159 3858 235 3924 dam
250 3860 425 3926 utilitatem
439 3861 631 3949 laudemquc
645 3861 804 3949 posuerit,
826 3860 959 3925 minime
973 3859 1125 3926 credibile
1140 3862 1196 3942 est,

160 3982 237 4027 eum
263 3984 329 4026 non
355 3963 502 4028 camdem
529 3963 685 4029 rationem
715 3964 855 4029 habuisse
880 3962 1194 4051 apophthegmatum

161 4063 396 4129 Laconicorum
407 4090 417 4146 3
441 4065 561 4153 quippe
581 4090 654 4153 quae
676 4067 922 4133 dodiiffitnorum
945 4066 1115 4133 hominum
1137 4070 1195 4157 ju-

161 4161 246 4230 dicio
265 4166 460 4254 precipuum
475 4181 509 4232 et
522 4167 670 4254 fimplicis
685 4167 826 4232 veritatis
840 4180 873 4232 et
890 4168 1072 4235 acutissimae
1092 4171 1195 4237 brevi·

161 4266 237 4335 tatia
251 4268 316 4336 vim
331 4270 497 4352 haberent,
515 4292 616 4359 eaque
634 4270 864 4337 existimatione
878 4270 977 4360 vulgo
996 4271 1197 4340 celebraren-
