2700 4928
240 353 932 435 motura.nso.erouc.p.1s7.n,c.
1019 358 1094 425 109³

65 520 127 601 χὴν
139 516 311 604 γναρίζιθαι
331 519 478 601 λᾶμθανα,
497 522 528 583 τὸ
549 520 576 582 δὲ
598 521 646 583 τὸν
663 516 750 605 μέχρι
767 526 816 581 σοῦ
833 522 881 596 τὴν
898 516 975 592 δόξαν
989 512 1094 592 imru.

60 615 125 681 Ἦν
138 624 197 703 γὰρ
211 625 224 682 ὁ
236 622 392 708 Ἰφικράτης
403 627 433 685 ἐκ
447 621 560 686 exolicit
570 618 899 706 merois-reliquam
912 615 1008 704 hujus
1020 637 1094 679 nar·

69 719 202 787 rationis
224 736 346 806 partem
366 723 570 809 apposuimus
588 722 630 786 ad
647 720 698 789 α’..
724 722 775 784 De
796 719 856 783 hac
876 717 1018 784 oratione
1036 715 1095 780 five

67 820 169 907 Lyfiae
188 823 246 886 sive
267 823 447 907 Iphicratis,
469 839 555 889 certe
576 826 618 888 ab
637 823 797 909 Iphicrate
816 820 911 901 dicta,
931 819 985 905 qui
1004 817 1095 903 plura

65 923 259 1008 cognoscere
288 925 423 1004 student,
451 949 489 990 ea
514 940 625 1012 petant
646 925 686 989 ab
710 927 741 990 J.
768 923 906 1011 Tayloro
927 921 968 985 ad
992 918 1093 1008 Lysia

67 1024 196 1111 Fragm.
212 1046 244 1110 p.
257 1028 330 1111 637.
346 1029 456 1113 etseq.
489 1028 543 1092 Ad
558 1026 702 1091 eamdem
715 1024 968 1090 confutationem
983 1042 1091 1107 repre·

65 1122 173 1188 hensa
197 1125 407 1212 ignobilitatis
432 1129 592 1213 pertinent
613 1126 696 1192 dicta
717 1126 885 1210 Iphicratis
907 1121 994 1208 apud
1013 1120 1091 1186 Ari·

63 1221 208 1289 stotelem
225 1225 319 1291 Rhet.
337 1230 363 1291 Ι.
378 1245 409 1310 7.
425 1232 456 1292 8.
477 1243 511 1292 et
524 1227 711 1292 nominatim
735 1228 780 1289 Il.
796 1244 834 1310 23
852 1249 861 1288 z
884 1222 930 1303 noi
942 1226 977 1297 uir
992 1227 1005 1285 ὅ
1018 1223 1090 1304 Ἰφί·
1202 1292 1205 1300 .

63 1324 177 1409 aprime·
201 1325 242 1389 ὅτι
263 1329 451 1410 γενναιότατος
471 1334 485 1391 l
505 1327 642 1407 βίλτιςας·
666 1328 712 1406 καὶ
725 1331 782 1413 γὰρ
795 1317 931 1412 Ἀρμαῧίῳ
944 1325 965 1410 ²8
978 1326 1091 1409 Ἀριςα·

63 1425 164 1510 γε’τατι
187 1429 258 1490 οὐδὲν
278 1430 412 1515 πρότερον
433 1434 538 1516 ὑπῆρχε
558 1433 680 1512 γενναῖον
699 1430 767 1513 πρὶν
782 1427 901 1511 γενναῖόν
920 1452 948 1489 τι
968 1428 1089 1512 ωςόἕαι·

64 1526 111 1605 καὶ
124 1526 164 1590 ὅτι
179 1529 363 1616 ‹raphaia-apog
384 1530 475 1605 αὐτός·
499 1534 536 1593 τὰ
557 1538 623 1615 γοῦν
639 1529 710 1617 ἔργα
723 1528 898 1613 συγῖενέςερᾶ
918 1532 959 1600 ἑςι
979 1531 1017 1589 ταὶ
1035 1528 1092 1606 ἐμὰ

63 1630 265 1715 τιῖςἍςμιδίν
285 1634 333 1694 καὶ
347 1631 560 1716 Ἀριςαγιῖτινος
575 1631 590 1709 ἢ
603 1635 642 1694 τὰ
655 1631 705 1695 roi.
743 1631 887 1695 Stobaeus
903 1627 1009 1693 Floril.
1024 1627 1090 1691 Tit.

63 1732 250 1796 LXXXIV.
268 1755 301 1819 p.
314 1754 390 1820 493.
407 1735 438 1797 in
454 1734 639 1798 brevitatem
655 1733 833 1797 contraxit:
855 1729 1009 1816 Ἰφικράτης
1023 1731 1090 1792 dra·

61 1834 194 1916 διζὸμινας
209 1839 244 1908 εἷς
257 1836 422 1920 δυσγένιιαν,
432 1835 517 1920 Ἐγα
527 1835 613 1923 ἄρξω,
627 1834 695 1915 ilar,
710 1841 744 1897 rii
759 1834 850 1918 γίνιις·
875 1832 927 1895 nisi
944 1830 1090 1896 librariu!

63 1935 239 2000 mutilavit:
256 1937 342 2023 quod
359 1952 467 2002 autem
487 1938 582 2025 hujus
601 1935 783 2022 argumenti
805 1933 926 1998 dietum
945 1932 1093 2020 proxime

63 2035 182 2101 ibidem
197 2039 342 2117 refertur,
357 2038 495 2117 Sostrati,
512 2039 607 2124 plane
619 2037 717 2102 limile
730 2038 772 2102 est
787 2035 874 2101 huic.
900 2037 947 2099 At
961 2034 1024 2098 hoc
1036 2055 1089 2098 ar·

63 2140 163 2225 ripuit
176 2140 366 2226 compilator
380 2141 478 2205 libelli
501 2138 820 2205 Pseudo-Plutarchei
839 2139 892 2205 De
910 2133 1089 2202 Nobilitate

60 2241 139 2306 edit.
156 2241 261 2307 Wolf.
277 2265 309 2328 p.
323 2244 395 2326 263.
411 2243 521 2307 nostrae
536 2243 568 2324 ξ.
584 2261 638 2311 21.

106 2345 179 2428 187.
194 2344 306 2429 1342]
332 2343 522 2408 Notavimus
535 2344 575 2407 ad
590 2366 622 2430 p.
634 2365 687 2430 99.
702 2345 742 2407 E.

107 2446 180 2528 187.
196 2445 234 2508 B.
255 2451 489 2510 ΤΙΜΟΘΕΟΥ.
512 2447 564 2530 α’.]
592 2445 780 2510 Plutarchus
800 2444 834 2509 in
855 2444 943 2532 Sylla
963 2465 996 2531 p.
1011 2461 1087 2530 454.

61 2549 100 2627 B,
116 2547 157 2612 C.
178 2547 265 2611 aliud
285 2547 465 2634 responsum
484 2548 646 2612 Timothei
660 2547 700 2611 ad
716 2546 788 2611 istos
803 2546 998 2613 cavillatores
1014 2570 1089 2612 nar·

62 2663 123 2728 rat,
148 2663 301 2713 caeterum
326 2650 467 2713 tabulam
494 2650 612 2734 pic‘tam
639 2647 734 2734 hujus
760 2648 940 2735 argumenti
967 2649 1085 2712 refert:

62 2749 124 2812 sine
143 2750 289 2835 responso
310 2751 362 2813 De
381 2747 518 2834 Malign.
532 2749 655 2812 Herod.
671 2770 704 2834 p.
717 2749 790 2832 856.
804 2751 842 2813 B.
869 2748 991 2811 Tabula
1011 2747 1086 2835 plu-

59 2851 148 2915 ribus
169 2865 365 2914 memoratur
386 2850 483 2915 veluti
497 2850 625 2915 AEliano
639 2851 716 2916 Var.
735 2848 816 2913 Hist.
831 2850 926 2912 Xlll.
941 2868 1005 2933 43:
1029 2848 1088 2932 Kal

60 2957 84 3013 αι’
99 2952 238 3034 ζώγραφοι
252 2953 278 3014 li
294 2952 460 3014 καθεύδοντα
474 2951 563 3013 indier
582 2952 662 3013 αὐτὸν
679 2952 865 3036 κωμῳδοῦντες
885 2952 927 3011 ἔτί
947 2957 994 3026 τῆς
1012 2970 1095 3029 σκη.·

871 2323 884 2358 Ι

59 3059 110 3128 νῆς·
136 3053 196 3114 εἶτα
214 3054 280 3139 ὑπὲρ
294 3059 341 3128 τῆς
360 3059 478 3133 κεφαλῆς
492 3052 632 3138 αἰτῃῶρητο
654 3058 747 3124 ἕςῶσα
766 3059 782 3128 ἡ
801 3052 896 3135 Τύχη,
918 3050 1028 3116 lazaru
1048 3058 1087 3129 εἷς

59 3152 155 3240 κύρτον
173 3160 224 3227 τὰς
248 3152 356 3228 πόλεις.
393 3153 507 3218 Suidas
529 3155 560 3217 in
582 3152 726 3235 Τιμόθεος,
747 3166 781 3217 et
800 3153 986 3217 Scholialles
1006 3155 1083 3218 Ari·

59 3255 218 3341 stophanis
243 3254 325 3319 Plut.
344 3257 415 3319 180.
436 3255 545 3318 iisdem
568 3255 651 3318 inter
673 3254 703 3318 sc
721 3255 822 3318 verbis
837 3255 1084 3336 consentientem

60 3356 220 3441 Ulpianus
242 3359 387 3420 Enarrat.
405 3357 436 3420 in
453 3358 509 3420 Or.
525 3349 691 3420 Demosth.
707 3356 843 3442 Olynth.
858 3358 902 3419 ll.
925 3378 957 3440 p.
972 3375 1026 3441 30.
1041 3360 1083 3422 A.

60 3456 157 3541 paulo
178 3455 313 3535 diverfis,
335 3457 437 3543 magis
457 3478 533 3521 cum
555 3456 653 3521 altera
669 3457 830 3523 Plutarchi
852 3457 1028 3522 narratione
1051 3459 1084 3523 in

60 3559 156 3646 Syllae
179 3559 267 3638 Vita,
292 3572 485 3645 congruunt.
522 3560 609 3623 Hinc
633 3559 833 3624 Proverbium
855 3559 966 3624 Εὔδαντι
989 3562 1084 3648 κύρτας

57 3667 137 3746 αἱρεῖ,
153 3661 184 3724 in
201 3661 404 3746 Diogeniano
420 3662 477 3724 lV.
494 3662 554 3743 65:
577 3659 728 3746 Append.
743 3661 850 3728 Vatic.
863 3664 890 3725 Ι.
902 3681 958 3748 91:
975 3666 1083 3727 Zeno·

57 3762 112 3827 bio
143 3763 201 3826 IV.
226 3763 257 3825 8.
283 3762 338 3824 ubi
363 3761 521 3824 historiam
550 3760 692 3847 exposuit
719 3761 882 3827 Schottus.
917 3763 1083 3828 Timothei

57 3863 194 3928 felicitas
214 3863 245 3926 in
265 3863 349 3927 bello
369 3863 475 3926 minus
493 3877 587 3947 grato
605 3861 712 3927 animo
733 3864 773 3927 ab
792 3885 831 3926 eo
845 3878 977 3948 accepta
990 3864 1081 3928 inde-

57 3965 180 4050 quein
206 3964 424 4028 infelicitatem
452 3965 608 4041 conversa,
637 3965 782 4050 proditur
807 3964 905 4029 etiam
931 3986 951 4027 a
976 3966 1083 4031 Dione

58 4063 174 4151 Chrys.
190 4066 280 4130 Orat.
296 4067 417 4129 LXIV.
440 4086 471 4149 p.
486 4080 561 4150 597.
579 4065 619 4129 C.

101 4166 175 4249 187.
190 4165 230 4229 C.
246 4165 299 4251 βί]
327 4167 447 4230 Chares
461 4166 515 4230 ille
531 4165 593 4229 fuit
607 4165 869 4253 cujusjadtantiae
883 4167 945 4232 hoc
959 4166 1082 4236 diuum

56 4267 187 4355 objecit.
224 4269 277 4338 Sic
293 4269 479 4336 Plutarchus
501 4268 533 4332 iu
558 4268 707 4355 Pelopida
728 4290 761 4356 p.
778 4269 852 4354 278.
866 4272 922 4336 D:
945 4274 1085 4347 Καλῶςό

521 4388 619 4453 4Ᾰ4
1155 4390 1158 4394 ’
