2700 4928
174 326 233 396 φοι
364 319 464 380 nw.
480 315 687 377 nunaunt.
706 316 756 377 ru
776 311 1005 377 murmura
1079 334 1084 343 ·

176 481 353 548 Cesaribua
373 478 588 566 corficratianis
601 501 719 546 nomen
738 477 781 543 de
797 475 934 544 mortuir
946 475 1032 543 inter
1042 475 1132 542 Deo·
1146 494 1205 541 re·

175 580 312 645 serendis
325 580 499 665 usurpavitr
522 601 716 667 quamquam
731 601 790 645 nee
803 590 899 645 antea
910 575 1109 643 inauditumr
1125 598 1156 640 v.
1167 598 1201 641 c.

174 679 337 746 Ciceronis
359 682 440 747 Nat.
462 682 562 746 Deor.
582 682 644 746 III.
668 700 728 767 192
754 678 931 744 -virorrrm
940 676 1074 766 sertim
1091 700 1200 741 meno·

171 781 249 845 riam
270 783 374 846 bonore
393 782 510 847 deorum
530 781 736 846 immortalium
755 781 957 866 cousecratur».
984 779 1068 865 Ing.
1083 779 1131 843 II.
1147 797 1200 843 11.

171 893 207 947 et
225 881 312 946 alibi.
347 881 476 947 Horatii
498 884 560 969 Ep.
585 884 629 946 ΙΙ.
648 901 678 946 1.
693 901 757 969 49:
785 879 865 967 quod
883 878 1022 944 Libitina
1032 879 1198 964 scaena.-

171 980 245 1047 sunt
258 983 387 1062 mortui,
404 981 553 1069 liquidem
568 1005 678 1048 maner
691 981 768 1047 sacri
782 981 951 1046 habentur.
986 978 1126 1066 Vulgari
1137 1001 1194 1044 no·

169 1080 258 1148 tione
280 1084 339 1149 diis
358 1084 476 1170 aliquid
494 1084 654 1170 consecrare
671 1105 736 1147 non
749 1080 932 1167 infrequens
947 1081 1001 1144 est.
1024 1103 1056 1144 v.
1066 1101 1099 1144 c.
1112 1078 1195 1166 apud

170 1181 375 1249 Plutarchum
389 1186 498 1248 Numa
512 1205 545 1269 p.
561 1201 611 1267 72.
622 1185 670 1248 D:
696 1182 736 1247 C.
750 1181 899 1247 Graccho
912 1181 985 1266 843.
1001 1179 1052 1245 C:
1075 1180 1194 1268 Quali.

169 1283 261 1348 Rom.
285 1301 356 1367 271.
371 1284 422 1349 At
445 1297 479 1348 et
500 1283 643 1372 ἄφιέςωσις
665 1283 698 1348 in
721 1281 883 1347 Publicola
903 1281 1079 1368 p.104.F.
1113 1281 1193 1347 Ver·

170 1381 249 1447 bum
273 1399 310 1450 ut
331 1385 436 1449 minua
457 1382 606 1449 Atticum
625 1385 658 1448 in
680 1382 858 1448 Phaborino
873 1379 1079 1468 reprehendit
1094 1383 1192 1471 Phry·

170 1481 284 1549 nichus
306 1484 421 1571 Eclog.
439 1484 539 1549 Attio.
561 1507 594 1570 p.
609 1486 661 1550 82.
676 1483 744 1571 ejus
756 1484 829 1549 loco
843 1488 1012 1568 καθιιςῶσας
1026 1504 1192 1549 commen-

169 1582 266 1649 dans:
289 1584 376 1672 quod
399 1598 433 1649 et
456 1584 541 1671 apud
563 1583 892 1651 Plutarchummulto
911 1584 955 1648 est
973 1583 1190 1669 frequentimr

170 1684 224 1748 sed
243 1697 350 1750 tamen
373 1698 406 1750 et
427 1683 511 1750 illius
531 1685 677 1770 exempla
695 1685 767 1749 satis
788 1683 891 1748 multa
913 1683 986 1748 sunt
1005 1682 1094 1768 apud
1117 1683 1192 1750 aliur

169 1784 345 1871 Scriptores
360 1798 469 1851 notata
484 1785 708 1872 interpretibus
723 1783 895 1871 Phryniohi
916 1783 941 1848 l.
954 1806 985 1849 c.
1006 1795 1043 1848 et
1059 1783 1192 1851 Thomu

169 1886 221 1949 M.
237 1885 270 1950 in
286 1909 362 1953 voce
378 1893 567 1973 Καθιερῶσας.
604 1885 767 1951 Sententia
780 1884 874 1970 hujus
894 1884 959 1949 loci
972 1904 1010 1948 ac
1025 1885 1190 1951 verborum

123 2039 130 2055 .
168 1984 312 2053 denaus
334 1988 569 2053 srmilitudinern
588 2001 622 2052 et
640 1986 763 2051 lortaise
776 1985 973 2051 auctoritatis
985 1986 1189 2052 communio·

168 2107 243 2149 nem
258 2088 365 2173 prodit
378 2111 451 2153 cum
469 2090 575 2154 Dione
590 2087 704 2174 Chrys.
723 2089 780 2152 Or.
797 2088 841 2151 Il.
863 2107 897 2170 p.
911 2100 965 2170 35.
980 2085 1013 2149 D
1028 2109 1037 2149 ε
1060 2089 1108 2150 ἐὰν
1122 2089 1189 2152 tart

166 2191 213 2262 τῆς
228 2188 387 2274 εἷμαςμίνης
398 2193 549 2271 draparairr
562 2184 654 2272 ἐπείγῃ
668 2188 727 2272 erpi
741 2193 777 2249 rei
791 2187 894 2274 γήρως,
905 2186 974 2249 ἀλλ’
985 2185 1031 2249 οὖν
1043 2188 1149 2269 μνήμης
1161 2213 1189 2252 τι

166 2289 277 2370 ἀγαθῆς
294 2288 342 2348 ital
361 2292 446 2372 erupti
466 2293 558 2350 πᾶσιν
583 2285 712 2366 εὐφημίας
735 2290 771 2359 εἰς
796 2288 843 2349 τὸν
864 2286 906 2351 riri
921 2285 1020 2374 xpiane
1046 2290 1187 2373 (minnist

164 2385 258 2468 ἁρετὴ)
284 2385 406 2461 ἠξίωσεν.
450 2387 532 2471 Qua
559 2385 646 2449 haud
667 2387 799 2451 obscure
823 2387 921 2452 duaa
944 2386 1058 2453 sunta
1079 2391 1186 2457 Xeno·

165 2482 295 2568 phontis
310 2483 487 2549 narratione
507 2487 547 2551 de
562 2486 710 2550 Hercule
720 2486 865 2552 Prodicio
883 2488 1025 2553 Memor.
1041 2490 1130 2554 Socr.
1146 2491 1185 2556 ll.

167 2603 197 2647 1.
206 2602 268 2670 33:
293 2583 357 2649 ὅταν
371 2585 398 2648 δὲ
412 2584 479 2672 ἔλθῃ
495 2588 526 2649 τὸ
540 2585 728 2673 πεπρωμένον,
743 2591 773 2649 οὐ
785 2592 859 2669 μετὰ
872 2588 957 2664 λήθης
968 2585 1065 2671 stupor
1078 2596 1183 2673 κᾶπος·

164 2686 244 2750 rimi
257 2692 330 2769 μετὰ
344 2687 447 2770 μνήμης
457 2688 504 2751 riu
518 2685 559 2752 oiri
571 2687 670 2774 χρόνον
684 2686 827 2769 iuniperus
841 2688 982 2752 θάλλεσι.

176 2798 180 2805 ’
209 2805 280 2854 121.
295 2790 333 2853 Ε.
355 2793 395 2872 τῷ
412 2788 552 2875 μακαρίτῃ
571 2813 609 2853 na
631 2790 732 2873 υίῷ-]
758 2790 841 2875 Quae
861 2787 902 2852 de
925 2787 1023 2876 hujus
1042 2790 1184 2859 vocabuli

105 2919 111 2929 ·
163 2887 221 2951 ulu
241 2887 365 2953 notavit
384 2887 446 2952 ur.
470 2890 653 2954 Gatakerua
673 2891 726 2954 De
751 2889 844 2976 Stylo
868 2890 913 2952 N.
935 2890 973 2954 T.
1000 2913 1033 2977 p.
1056 2912 1129 2978 115.
1151 2895 1183 2959 F.

161 2987 265 3051 sumta
283 2988 386 3052 sunte
406 2989 560 3075 Stephani
578 2989 672 3054 Thes.
687 2991 725 3054 L.
744 2990 803 3052 Gr.
825 2991 863 3053 Τ.
881 2991 926 3054 ll.
948 3010 981 3075 p.
998 3007 1074 3077 773.
1095 3008 1130 3060 et
1149 3010 1187 3062 ex

162 3087 338 3172 posterioris
353 3090 567 3176 Scriptoribus
581 3088 682 3152 aetatis
702 3087 813 3172 petita,
836 3088 950 3174 quibus
971 3091 1110 3159 addatur
1128 3099 1185 3163 Ju-

161 3186 263 3252 lianus
284 3189 380 3273 Epist.
400 3190 441 3254 ad
458 3188 645 3254 Atheniens.
668 3208 702 3272 p.
719 3205 791 3271 271.
807 3190 849 3252 A.
872 3203 906 3254 et
924 3193 985 3275 Ep.
1000 3194 1132 3260 XXIII.
1153 3219 1186 3284 p.

159 3307 235 3373 390.
252 3288 294 3351 A.
332 3290 450 3366 Sedet
471 3303 559 3353 vetus
578 3289 620 3352 est
635 3288 807 3352 auctoritas
829 3290 860 3353 in
882 3290 1021 3357 dictione
1042 3296 1188 3386 AEschyli

163 3389 242 3453 Pers.
260 3393 336 3472 635.
360 3389 520 3476 μακαρίτας
543 3387 687 3470 ἰσοδαίμων
707 3391 851 3468 βασιλεύς·
874 3391 916 3455 de
935 3413 1001 3478 quo
1024 3392 1099 3461 loco
1120 3398 1187 3486 egit

159 3488 544 3575 AbreschiualAnimadv.
568 3511 601 3573 p.
618 3507 691 3555 221.
728 3489 889 3555 Theocriti
910 3492 955 3555 II.
972 3508 1024 3578 70.
1058 3496 1188 3566 Comini

159 3588 245 3677 apud
261 3590 352 3654 S‘ob.
365 3589 449 3653 Flor.
465 3588 543 3653 edit.
559 3591 655 3654 Gesn.
672 3593 746 3676 609.
761 3591 870 3656 omiffo
889 3592 1028 3659 audtoris
1042 3599 1187 3681 nomine,

158 3690 246 3777 apud
260 3690 409 3756 Grotiurn
425 3712 457 3775 p.
465 3710 541 3774 499.
557 3691 698 3775 appofito
712 3691 929 3777 Aristophanis
943 3694 1092 3762 nomine:
1110 3699 1188 3768 hinc

159 3815 262 3857 unum
276 3814 361 3856 nunc
376 3790 496 3854 versum
511 3790 659 3869 nitemur,
678 3797 743 3866 Πᾶς
755 3797 814 3880 γὰρ
832 3793 909 3878 λέγει
922 3821 975 3876 τις,
995 3800 1010 3858 t
1027 3800 1187 3888 mugla-35

157 3891 276 3976 οἵχετσς.
305 3890 408 3956 Modo
423 3912 456 3975 p.
471 3909 541 3954 120.
557 3891 596 3955 Β.
612 3891 818 3956 Plutarchus:
841 3900 878 3957 τὲ
891 3884 1036 3980 paaapira
1050 3897 1119 3976 ulios
1131 3927 1186 3969 aa.

155 3992 314 4059 Videatur
328 4007 362 4059 et
375 3991 587 4058 Ruhnkenius
603 3991 643 4056 ed
655 3991 739 4056 lim.
755 3995 832 4058 Lex.
849 3994 929 4060 Pht.
945 4017 978 4082 p.
990 4011 1045 4084 59.

42 4087 46 4097 ⁸
201 4113 272 4159 121.
284 4097 325 4174 Ε,
337 4096 374 4160 F.
394 4091 763 4180 xaprrrirarrrc-irayuyffl
791 4095 973 4181 Stephanus
987 4098 1076 4164 dedit
1091 4128 1185 4189 χαρι-

154 4190 271 4273 σάμενος
292 4215 332 4262 ex
351 4197 483 4264 lannot.
504 4190 637 4262 leonte.
661 4192 788 4262 Schott.
802 4195 912 4263 Auon.
928 4220 1004 4266 narn
1015 4199 1096 4268 Ald.
1110 4204 1184 4271 Bas.
