2700 4928
209 352 893 431 DEWRTUTBETva.p.1or.A—c.
1007 355 1068 427 oso

91 534 119 602 p.
135 535 204 583 101.
217 518 263 583 Α.
288 516 420 600 &pron
439 521 453 580 ὅ
475 516 613 601 Πλάτων]
638 515 775 602 Republ.
796 517 856 580 lx.
879 537 911 600 p.
925 514 1063 599 502.B:

61 618 318 685 mimadrertirnus
338 619 432 705 supra
451 618 525 684 loco
544 617 676 705 gemino
697 619 748 682 De
765 618 854 682 Sent.
871 614 1019 680 Prosettu
1031 614 1065 678 in

61 720 125 788 tou
137 744 171 809 p.
184 722 238 808 83.
252 722 298 787 A.

90 843 156 889 101.
169 826 208 889 B.
229 823 353 909 γαλήνην
363 820 497 908 huns]
522 819 732 907 Exposuimus
745 817 785 884 ad
798 841 831 907 p.
845 820 897 886 80.
914 820 950 884 F.

88 945 156 991 101.
165 927 204 992 B.
221 924 295 989 utta
307 924 453 1008 σπιλάδος]
472 922 692 1010 Tranquillitas
705 923 788 1008 rupis
797 921 859 1009 sub
872 945 952 984 mare
967 920 1065 986 laten·

57 1027 102 1091 tir:
121 1028 156 1094 id
165 1028 222 1108 est,
241 1025 449 1114 tranquillitas
463 1026 553 1090 moris
567 1048 673 1089 caecont
686 1040 786 1112 rupem
798 1025 933 1109 tegentis,
948 1024 1065 1110 quippe

58 1149 113 1214 que
127 1143 161 1195 et
183 1128 308 1194 sucilius
329 1128 488 1206 turbatur,
510 1142 544 1191 et
564 1128 692 1190 turbata
712 1125 888 1211 periculum
909 1125 1066 1213 naufragii

57 1229 152 1296 tdsert.
194 1233 233 1296 In
263 1227 355 1294 simili
380 1241 571 1314 argumento
594 1228 776 1312 exemplum
803 1227 934 1301 σπιλάδος
959 1227 1066 1313 posuit

58 1327 228 1397 Plutarchus
245 1330 300 1394 De
320 1328 432 1392 Animi
446 1327 620 1412 Tranquill.
644 1348 677 1412 p.
691 1329 767 1410 476.
782 1329 836 1392 A:
865 1349 924 1392 vox
938 1329 1064 1392 Home·

58 1428 224 1519 ricaOdyff.
240 1435 278 1494 Γ.
294 1429 368 1516 098.
395 1431 433 1493 Ε.
446 1447 521 1509 401.
534 1443 610 1512 405.
624 1443 734 1492 notata
751 1428 926 1515 Apollonio
948 1429 1066 1492 lexico

58 1527 142 1594 llum.
163 1527 342 1616 Hesychio,
366 1528 476 1607 suida,
500 1529 625 1614 copiose
647 1528 795 1594 illustrata
818 1552 838 1592 a
861 1529 1003 1595 Sallierio
1025 1528 1067 1591 ad

58 1628 156 1699 llum.
168 1634 265 1720 Mag.
287 1654 321 1719 p.
336 1632 410 1713 804.
426 1631 572 1718 Synefius
585 1633 647 1717 Ep.
666 1634 723 1698 lV.
743 1655 777 1718 p.
792 1637 864 1698 162.
876 1633 931 1696 D:
954 1634 1065 1696 διαναυ-

57 1739 170 1818 μχῆσας
189 1735 264 1821 0985
282 1737 336 1808 τὰς
357 1732 506 1807 σπιλάδας.
544 1732 708 1819 Philippus
720 1733 854 1799 Theffal.
869 1732 1007 1799 Anthol.
1022 1736 1067 1797 E·

59 1833 125 1922 pigr.
140 1836 204 1901 111.
220 1854 273 1903 00.
290 1853 344 1916 04.

93 1954 162 1999 101.
177 1936 219 2001 C.
249 1943 380 2022 χρεοςῶν
405 1938 454 2013 τὴν
479 1935 580 2021 πόλιν]
610 1934 701 1999 Beati
727 1935 935 2000 censebantur
957 1933 1069 1999 multis

57 2032 253 2114 debitoribus,
280 2037 395 2122 quibus
420 2036 591 2123 pecuniam
618 2034 828 2101 credidissent.
872 2035 960 2099 Hinc
987 2037 1069 2122 saepe

57 2135 183 2221 querele
196 2134 238 2202 de
251 2137 469 2225 magnitudine
489 2151 522 2203 et
538 2136 743 2202 multitudino
764 2137 835 2201 aeris
856 2135 951 2201 alieni
961 2162 977 2200 ι.
993 2136 1070 2203 hinc

58 2260 132 2305 nore
160 2239 346 2320 tabulae,.et
368 2239 533 2306 civitatum
558 2239 783 2304 conversiones.
829 2241 963 2304 Romam
988 2241 1070 2326 saepc

58 2338 100 2406 illa
111 2365 159 2408 res
171 2341 327 2430 agitavit:
351 2353 465 2407 notum
479 2364 519 2406 ex
532 2341 622 2406 Livio
637 2343 681 2404 11.
697 2359 834 2426 23—33.
857 2342 916 2404 Vl.
931 2344 1068 2427 27-36.

57 2441 117 2510 llll.
133 2462 273 2527 01-07.
294 2442 381 2509 slibi.
404 2443 519 2509 Cicero
534 2443 625 2508 Offic.
642 2445 687 2507 ll.
705 2461 757 2526 23,
771 2462 823 2523 04.
850 2444 997 2527 Spartam
1013 2443 1070 2507 sub

57 2545 149 2633 Agide
162 2568 239 2634 rege
255 2543 476 2610 adolescente:
500 2543 588 2630 quod
606 2542 795 2608 Plutarchus
814 2557 919 2609 narrat
937 2544 970 2607 in
993 2544 1070 2629 Ejus

57 2644 118 2712 lita
132 2669 165 2733 p.
178 2648 254 2734 798.
268 2647 309 2711 C.
324 2659 359 2711 et
378 2661 514 2711 matrem
536 2645 632 2732 hujus
645 2648 751 2723 πλήθει
764 2654 900 2710 πελατῶν
921 2646 967 2721 καὶ
985 2646 1071 2724 φίλων

55 2750 92 2810 tul
102 2758 235 2838 χςνωςῶν
249 2747 329 2833 μέγα
344 2747 487 2831 δυναμένην
500 2753 527 2812 is
539 2755 572 2834 τῇ
585 2749 680 2812 πόλει.
716 2749 855 2812 Athenis
878 2748 934 2811 sub
954 2749 1071 2813 Solone

55 2851 223 2936 συνέχθειν,
244 2849 339 2914 oneris
367 2849 499 2936 exsufflo,
523 2850 593 2913 aeris
616 2850 707 2914 alieni
730 2851 904 2936 abrogatis:
935 2850 1014 2913 item
1038 2850 1072 2914 iu

55 2948 121 3036 Ejus
145 2951 222 3016 Vna
243 2970 277 3037 p.
295 2951 348 3015 86.
360 2950 406 3028 D,
422 2952 458 3014 E.
481 2951 545 3036 seq.
573 2965 605 3015 et
635 2951 721 3015 alibi.
761 2953 864 3014 lmmo
889 2951 921 3015 in
946 2950 1072 3015 Graeciu

54 3052 237 3135 grassabatur
253 3065 398 3137 tempore
415 3050 574 3117 Plutarchi
588 3051 686 3116 libido
701 3051 837 3116 debendi
852 3066 885 3114 et
900 3051 1070 3116 credendi:

53 3154 94 3216 cui
106 3175 274 3219 occurrere
289 3152 534 3239 studuitscripto
547 3152 656 3218 libello
669 3154 706 3216 de
720 3154 752 3217 V
750 3154 852 3216 stando
859 3154 940 3216 AEre
953 3153 1071 3219 Alieno.

55 3253 256 3331 Vocabulum,
266 3253 393 3339 χρνῶςης
411 3253 454 3317 est
475 3255 561 3340 Opp.
577 3255 664 3318 Mor.
684 3277 717 3339 p.
731 3254 802 3318 808.
821 3253 860 3318 C.
876 3255 913 3318 P.
935 3256 1010 3342 829.
1025 3255 1071 3321 D.

55 3354 118 3442 830.
133 3360 171 3422 D
196 3357 272 3441 831.
288 3355 329 3434 C,
344 3356 390 3420 D.
424 3355 494 3421 Vit.
509 3356 583 3442 798.
597 3357 635 3420 B.
659 3357 733 3419 801.
749 3357 787 3421 B.

89 3478 161 3524 101.
189 3458 231 3524 C.
255 3461 294 3539 μὴ
316 3456 443 3542 ἄγουσι]
468 3480 525 3520 non
544 3458 767 3536 continentibus,
782 3483 839 3522 non
850 3456 1073 3548 sustinentibus,

10 3630 13 3641 ,
52 3560 161 3645 pssum
177 3583 216 3624 ac
233 3559 332 3648 perire
340 3559 533 3644 fluentibus:
558 3559 728 3624 Plutarcho
749 3560 809 3625 hac
832 3561 962 3627 notione
978 3564 1072 3629 usita-

51 3673 115 3726 tum
131 3661 283 3725 verbum:
307 3681 337 3722 v.
352 3681 382 3724 c.
398 3660 484 3746 Opp.
498 3659 584 3723 Mor.
600 3681 633 3747 p.
650 3660 722 3726 108.
738 3660 776 3725 Β.
803 3663 924 3746 1381.
946 3681 1022 3749 395.
1038 3663 1072 3727 P.

53 3764 178 3846 3968·
198 3777 276 3848 473·
294 3763 339 3827 D.
360 3762 436 3845 476.
456 3764 499 3828 Α.
521 3776 597 3846 500.
619 3763 660 3827 C.
682 3764 757 3848 508.
771 3763 816 3829 D.
838 3768 913 3849 526.
928 3766 973 3830 D.
999 3769 1073 3851 691.

54 3867 91 3929 A.
112 3867 186 3952 695.
204 3865 244 3929 B.
274 3864 348 3948 782.
367 3864 406 3927 Ε.
438 3882 512 3949 911.
528 3865 565 3928 B.
599 3864 673 3947 878.
691 3866 726 3929 P.
759 3867 833 3952 976.
847 3867 892 3930 A.
926 3867 1019 3929 1088.
1036 3865 1075 3933 E.

58 3966 141 4052 1089.
154 3968 200 4031 D.
223 3965 293 4031 Vn.
312 3981 384 4050 150.
397 3967 435 4029 F„
457 3965 533 4053 368.
547 3964 591 4029 A.
611 3984 688 4050 433.
703 3964 742 4031 B.
765 3967 839 4031 686.
857 3968 897 4035 C.
921 3982 996 4050 707.
1010 3969 1056 4032 A.

90 4085 161 4132 101.
175 4067 217 4133 C.
244 4075 300 4130 τῶν
320 4065 474 4152 βρωμάτων
495 4070 534 4129 τὰ
555 4067 759 4152 magristrum
784 4066 830 4145 xa)
849 4066 1072 4156 oohurrsr‘rrpa]

56 4164 311 4256 Comparativum
334 4187 393 4253 pro
414 4167 623 4254 Superlativm
638 4184 671 4234 et
684 4168 825 4245 vieiffim,
840 4167 970 4233 subinde
985 4174 1076 4237 usitr-

56 4270 114 4354 peri
134 4272 304 4339 novimus:
336 4268 392 4341 ssd
413 4284 585 4358 utrumque
604 4271 718 4338 eadem
739 4272 771 4337 in
794 4292 828 4336 re
848 4268 1018 4358 conjuntte
1043 4287 1081 4339 ut
1106 4354 1109 4359 Ι

96 4391 182 4439 voc.
198 4392 254 4441 rs.
550 4389 609 4458 ry
