2700 4928
192 352 973 433 ssorum.uso.muuc.p.1s⁵.s-1so.n.
1023 359 1099 425 roso

68 514 258 601 ἐσσχςῶπως
279 518 420 598 ἐκμαθαέν,
443 519 609 603 ἐνεηέγχανε
632 521 748 597 βασιλεῖ
772 517 802 579 δι’
825 521 919 578 αὐτοῦ.
957 513 1097 578 Omnino

69 614 186 694 ἐντωξνν
201 621 335 704 praesens
350 622 439 685 locus
454 621 599 707 postulat,
614 634 651 685 ut
664 620 828 706 proprium
844 635 876 682 et
890 618 1050 681 usitatum.

116 720 191 802 185.
207 720 243 784 F.
267 720 316 801 ιζ’.
344 727 466 785 Πολλῶν
487 724 513 784 δέ
536 723 690 808 ὃωμεῶμ]
722 723 771 784 Ex
792 719 869 783 Vita
891 716 1097 781 Themistocl.

70 837 105 904 p.
125 821 198 886 126.
215 822 251 884 F.
285 822 460 886 Venustum
476 823 619 900 effatum,
635 821 676 886 sd
690 822 864 885 multorum
879 817 1098 903 cognitionem

70 931 106 983 et
126 921 284 1004 proverbii
305 922 367 986 vim
387 923 593 987 celebratum.
633 925 661 987 A
684 922 854 987 Plutarcho
874 921 925 984 bis
946 919 1022 984 alibi
1046 921 1098 984 De

72 1019 161 1084 Fort.
176 1021 272 1085 Alex.
292 1045 324 1107 p.
337 1025 412 1106 328.
430 1025 464 1088 F.
501 1026 553 1088 De
574 1023 657 1087 Exil.
681 1046 713 1108 p.
729 1025 803 1086 602.
817 1023 861 1086 A.
886 1021 1021 1084 citatum
1042 1019 1098 1082 est.

72 1118 225 1207 Polybius
242 1124 392 1209 Excerpt.
409 1126 460 1189 De
472 1125 556 1188 Virt.
571 1126 610 1188 T.
625 1124 688 1187 III.
711 1146 743 1208 p.
763 1143 834 1204 144.
856 1121 972 1194 ἅπαντες
989 1123 1015 1183 st
1035 1118 1098 1182 τότε

68 1223 120 1297 τὴν
140 1217 296 1308 simplas
317 1226 418 1301 ταύτην
437 1228 481 1286 διὰ
494 1225 613 1305 ςόμαπος
631 1223 717 1309 dxcv,
735 1227 770 1297 (ἐς
792 1228 814 1286 ri
831 1227 870 1304 μὴ
888 1220 1000 1308 σαχέως
1017 1225 1097 1283 ἁπαν·

68 1321 194 1403 λὸμεθα,
209 1328 257 1387 οὐκ
276 1323 310 1387 ἄν
329 1326 479 1406 ἐσώθημεν·
503 1326 542 1389 ad
564 1348 660 1410 quern
683 1325 790 1387 locum
812 1323 952 1387 Valesius
973 1344 1007 1407 p.
1025 1341 1097 1407 192.

67 1422 234 1488 sudorem
249 1424 490 1488 Themistoclem
506 1426 596 1488 citat.
629 1424 724 1488 Teles
739 1426 790 1488 De
804 1422 906 1486 Exilio
921 1423 1006 1508 apud
1023 1425 1098 1486 Sto·
1164 1457 1165 1461 ,

69 1523 179 1589 boeum
202 1525 308 1590 Floril.
327 1526 392 1590 Tit.
413 1526 608 1590 XXXVIII.
631 1549 663 1612 p.
683 1544 765 1609 23¹²
793 1528 970 1605 Θεμιςοκλῆς
992 1528 1097 1600 ἐκεῖνος,

67 1618 93 1686 ἆ
113 1629 178 1704 παῖ,
199 1627 289 1706 φησὶν,
309 1628 493 1708 ἀπωλόμεθα,
515 1631 538 1689 εέ
560 1630 599 1707 μὴ
622 1626 803 1706 ἀπωλόμεθα·
828 1624 882 1687 ubi
904 1624 964 1687 tria
984 1623 1100 1685 ultima

69 1724 169 1797 verba
186 1725 220 1789 in
242 1725 337 1790 editis
361 1727 449 1791 libris
465 1726 637 1791 desiderata
653 1718 787 1789 'exhibet
813 1724 914 1788 codex
937 1723 1028 1788 Paris.
1055 1725 1097 1787 A.

68 1824 225 1890 Aristides
238 1828 277 1890 Τ.
293 1828 320 1890 Ι.
342 1849 374 1912 p.
392 1830 451 1911 265
465 1853 472 1891 :
496 1835 539 1890 νῦν
551 1828 578 1889 δέ
594 1829 687 1889 τὸτοῦ
702 1824 896 1906 Θεμνςοκλέες
911 1823 1100 1902 discretionis,

39 1930 46 1935 ’
70 1931 95 1989 sl
108 1929 140 2005 ἐὴ
152 1928 235 1990 τοῦτο’
245 1953 280 2012 γε
297 1928 435 2000 sumtu
449 1930 512 1990 κατ’
528 1927 627 2005 lutire,
647 1930 682 2001 ὥς
696 1928 737 1989 ἐπὶ
752 1930 813 2000 ταῖς
827 1927 935 2011 δωρεαῖς
947 1929 1009 1998 ταῖς
1022 1928 1100 2011 παρὰ

68 2035 121 2092 τοῦ
142 2029 243 2114 ssipen
265 2028 419 2112 γενομέναις
438 2032 514 2113 αὐτῷ
529 2028 686 2111 φθέγξαιτό
697 2054 724 2091 τε
742 2035 859 2090 τοιοῦτον
872 2029 945 2111 πρὸς
958 2025 1008 2101 πές
1021 2030 1098 2089 σταῖ-

69 2131 133 2207 ἐις,
149 2128 190 2191 ἐπι
204 2137 247 2192 νῦν
266 2128 323 2216 alga
338 2129 483 2205 ἐσώθησαν
496 2128 575 2205 irrisa
588 2128 780 2195 ἀπολώλεσαν.
817 2127 930 2209 ¹Suidas
944 2128 982 2191 T.
999 2127 1044 2189 ΙΙ.
1064 2148 1098 2212 p.

70 2230 128 2294 26.
151 2250 190 2293 ex
213 2229 344 2315 Polybio
365 2229 517 2314 apponit:
544 2228 681 2313 indeque
701 2227 857 2292 Schottus
878 2227 1022 2290 Proverb.
1037 2227 1099 2291 Vl.
1168 2226 1171 2231 ’

68 2350 105 2415 3.
143 2329 276 2395 Plautus
292 2331 460 2416 aliquoties
478 2329 620 2393 imitatus
640 2330 698 2393 est:
722 2328 918 2392 Truculento
933 2329 991 2394 lV.
1008 2347 1040 2395 2.
1056 2349 1098 2414 9:
1211 2405 1215 2409 .

73 2429 190 2497 Salvus
200 2433 272 2518 fimo
285 2433 356 2519 quia
368 2447 453 2518 pereo
464 2459 474 2495 .·
485 2432 521 2516 st
532 2455 588 2494 non
606 2447 738 2518 peream,
752 2429 1005 2516 plancintcrcom.
1028 2429 1100 2494 Ali-

71 2533 163 2598 naria
184 2535 212 2597 l.
228 2553 261 2619 3.
274 2553 312 2618 91
329 2559 337 2597 t
361 2533 407 2596 Et
424 2533 563 2618 profem,
579 2532 636 2616 nist
648 2531 728 2595 illud
737 2533 829 2618 perdo
843 2545 1009 2618 argentum,
1028 2545 1101 2617 per·

71 2637 202 2700 eundum
224 2634 262 2719 cst
281 2635 364 2697 mihi.
403 2635 486 2699 lbid.
510 2635 572 2697 lll.
587 2654 621 2717 3.
635 2651 698 2718 47:
731 2632 862 2696 Vidett'n'
878 2633 991 2718 viginti
1011 2635 1101 2696 mina

70 2738 150 2825 quid
158 2736 282 2823 pollent,
297 2736 408 2822 quidve
417 2737 561 2822 poffimt?
582 2735 639 2797 Ille
652 2736 701 2821 qui
716 2734 788 2796 illos
797 2734 909 2819 perdit,
918 2732 1030 2820 solvus
1046 2733 1102 2817 est:

70 2863 138 2926 ego,
154 2839 277 2926 quinon
295 2839 398 2924 perdo,
415 2853 512 2924 pereo.
548 2836 694 2902 Rudente
708 2838 751 2901 V.
766 2855 799 2921 3.
814 2856 879 2920 59:
902 2836 1017 2922 —perii
1031 2836 1099 2898 her-

70 2939 141 3003 cle!
167 2938 225 3025 nisi
245 2963 289 3002 mc
298 2939 458 3026 suspendo,
480 2938 580 3001 occidi.
618 2935 761 3021 Captivis
781 2938 843 2999 llI.
859 2957 893 3016 4.
908 2937 951 2998 6:
979 2936 1101 3000 Utinam

71 3040 162 3104 teDl
171 3040 256 3126 prius
272 3040 441 3126 perderent,
457 3062 547 3124 quam
557 3035 670 3124 perissi
683 3062 697 3099 e
707 3037 810 3123 patria
825 3048 890 3100 tuo.
1057 3076 1060 3082 ‹

81 3192 85 3197 .
118 3142 192 3226 185.
205 3143 240 3204 F.
255 3142 527 3224 Mteunluotq
554 3137 755 3202 Nobilitatus
770 3137 900 3201 victoris
914 3137 954 3201 de
968 3138 1102 3204 Boeotiis

73 3242 287 3325 ἐνΟἰνοσύτοις·
320 3241 360 3304 de
382 3263 446 3326 qua
473 3239 679 3326 Thucydides
707 3243 734 3303 l.
761 3240 832 3303 108.
862 3241 920 3305 lV.
944 3257 997 3326 95.
1026 3242 1101 3308 indo

75 3343 265 3409 Plutarchus
285 3344 337 3407 De
359 3341 471 3406 Gloria
493 3341 615 3406 Athen.
635 3365 667 3428 p.
683 3359 760 3425 345.
774 3342 818 3404 D.
851 3341 1013 3406 Diodorus
1035 3344 1100 3409 Sic.

74 3445 129 3532 qui
152 3445 215 3509 hoc
237 3442 308 3529 ejus
322 3443 445 3507 dictum
469 3442 565 3505 refert
579 3444 640 3506 Xl.
655 3460 709 3526 31.
747 3444 789 3505 Et
806 3456 843 3505 ut
861 3442 1004 3507 Aristidis
1019 3446 1101 3508 arni·

73 3568 150 3635 cum
164 3558 323 3609 memorat
346 3543 535 3608 Plutarchus
557 3541 589 3605 in
611 3541 709 3626 hujus
723 3541 799 3606 Vita
820 3564 852 3627 p.
867 3563 943 3627 325.
959 3546 1000 3608 A.
1019 3563 1101 3629 331.

74 3649 117 3712 A.
161 3645 237 3711 Alia
260 3644 331 3730 ejus
355 3643 388 3707 in
416 3643 472 3707 illa
496 3643 697 3728 expeditione
720 3643 940 3729 strategemata
960 3645 1101 3729 produnt

75 3748 244 3814 Frontinus
264 3748 309 3809 ΙΙ.
328 3766 361 3826 4.
380 3765 431 3809 11.
456 3746 513 3810 IV.
529 3764 560 3827 7.
579 3763 632 3810 21.
666 3743 833 3830 Polyaenus
853 3746 880 3808 I.
897 3761 952 3831 35.
989 3747 1101 3812 Simile

74 3848 149 3914 huic
162 3849 205 3912 est
219 3846 371 3913 Leonidae
385 3846 435 3927 ιβ.
454 3867 487 3931 p.
503 3863 576 3929 225.
593 3846 645 3908 D:
669 3858 703 3907 et
716 3844 879 3908 Timothei
900 3845 985 3931 apud
1005 3847 1099 3934 Poly·

75 3971 181 4015 renum
196 3949 260 4012 111.
277 3967 328 4011 10.
343 3966 375 4032 3.

86 4072 149 4137 ·p.
166 4051 240 4114 186.
255 4052 299 4114 A.
333 4046 591 4116 nultruluotr.
617 4046 670 4133 α’.]
709 4049 758 4112 Ex
785 4045 863 4112 Vua
893 4045 1035 4114 Aristidis
1065 4069 1100 4136 p.

76 4169 148 4239 319.
162 4153 198 4215 F.

118 4271 206 4318 vor..
218 4271 274 4317 vr.
569 4267 624 4328 41
