2700 4928
159 333 222 409 9⁶0
352 331 453 393 ow.
470 319 676 391 nummu
696 329 745 389 nr
766 318 998 390 ramanent

160 486 258 561 effato
280 493 322 561 ‹lc
343 495 465 582 optima
486 493 625 574 clvitate,
648 515 736 559 nunc
757 480 845 558 idem
865 493 909 558 est
932 513 970 558 ac
991 493 1037 556 lul
1058 491 1104 557 εὸν
1124 489 1185 578 τρέ*

160 621 221 660 εον.

143 708 145 715 ’
206 710 278 781 155.
295 695 339 760 D.
375 694 701 781 δεόμενος-Ινδεὸμενος]
741 694 875 781 Optima
905 692 1073 781 scriptura,
1099 715 1180 780 arque

160 798 325 882 desiderans
340 797 581 885 supervacanea,
604 821 696 884 neque
718 797 855 884 indigens
875 795 1054 882 neceffariis.
1084 793 1177 880 Chry·

161 897 239 985 fippi
262 898 323 962 suit
344 898 510 978 sententia,
531 901 611 973 18ςού
629 898 730 977 δέοντα(
743 899 806 979 μὲν,
829 895 960 976 ἐνδέοντα(
983 897 1011 959 li
1036 901 1175 980 οἱφαῦλοι·

156 1013 267 1086 pravas
292 999 417 1063 homines
442 1000 516 1062 bono
534 1022 592 1063 non
613 999 786 1084 defideram
798 997 860 1084 sed
878 997 915 1061 iis
936 996 1083 1083 indigere,
1102 992 1173 1082 quod

162 1099 350 1165 Plutarchus
371 1099 576 1184 reprehendit
599 1102 642 1164 II.
666 1122 698 1185 p.
722 1099 814 1164 1068.
837 1098 958 1162 A-D.
984 1099 1071 1163 reste
1089 1117 1173 1162 necue

160 1201 229 1266 illic
247 1223 438 1288 quaeremus.
478 1202 575 1266 Certe
600 1200 737 1287 diligens
762 1200 805 1265 est
829 1198 1007 1278 distinctim
1040 1197 1170 1286 fiquiden

160 1305 254 1381 tran
268 1317 359 1367 notat
373 1317 406 1367 et
425 1327 543 1388 rogare,
565 1317 598 1368 et
612 1302 786 1388 defiderare,
804 1313 837 1365 et
859 1300 1005 1388 indigere,
1026 1314 1061 1364 et
1075 1300 1118 1364 bit
1130 1297 1170 1362 dh

160 1405 245 1468 versa
265 1403 397 1469 notionc
413 1401 528 1468 eodem
546 1404 618 1468 loco
633 1404 768 1489 pohtum
784 1397 1028 1488 ambiguitatem
1045 1400 1124 1479 facit,
1141 1410 1171 1463 ut

161 1506 345 1571 monuimus
361 1504 400 1569 ad
417 1503 532 1570 Select.
548 1503 630 1568 Hill.
646 1506 703 1568 Gr.
728 1523 762 1588 p.
776 1518 852 1589 345.
888 1505 978 1589 Ergo
996 1502 1079 1567 reite
1094 1498 1169 1565 adhi-
1214 1524 1216 1533 ·

161 1607 266 1671 bitum
288 1609 417 1684 ἓνὸᾶῶοο,
433 1606 577 1692 indigere,
593 1629 651 1668 non
665 1603 781 1684 babere,
799 1626 908 1682 carcre,
923 1625 989 1689 quo
1005 1600 1169 1668 Plutarchus
1214 1644 1216 1659 .

162 1708 266 1772 utitur
285 1710 312 1771 l.
340 1729 374 1794 p.
391 1726 463 1788 244.
479 1709 523 1771 1).
551 1725 625 1792 334.
646 1706 686 1771 C.
713 1720 789 1791 335.
804 1706 850 1770 D.
900 1705 1032 1769 Carendi
1058 1703 1167 1769 diversa

163 1809 404 1896 fignificationea
419 1808 567 1874 discernit
583 1808 697 1873 Cicero
709 1808 802 1872 Tusc.
819 1809 846 1870 l.
863 1807 924 1892 36:
958 1806 1118 1894 Chrysippi
1128 1801 1166 1866 di·

162 1911 360 1976 stinstionem
374 1910 505 1996 exponit
521 1909 636 1996 partim
651 1910 772 1974 Seneca
787 1908 882 1994 Epill.
899 1908 958 1972 IX.
975 1931 1009 1995 p.
1023 1928 1073 1976 22.

206 2033 278 2098 155.
287 2013 331 2076 D.
348 2013 594 2100 Δεῖ-προσεῖπεν]
620 2017 683 2075 Δεῖν
697 2011 789 2075 Stob.
799 2010 885 2075 Vols.
898 2010 990 2076 Harl.
1007 2030 1036 2074 1.
1050 2029 1084 2077 2:
1097 2032 1165 2095 aprr-

162 2120 264 2177 mirrrr
279 2113 370 2178 Harl.
389 2133 417 2176 1.
433 2131 463 2177 2.
478 2115 587 2178 Anon-
602 2114 640 2177 T.
652 2114 695 2176 V.
708 2112 745 2175 B.

162 2241 167 2248 ·
206 2231 279 2300 155.
294 2217 339 2280 D.
369 2219 529 2300 Λυκοῦργος
556 2217 629 2301 arpis
654 2214 701 2276 tir
725 2213 871 2277 κελεύοντα
898 2214 1081 2301 δημοκρατίαν
1103 2213 1166 2294 irtj

160 2317 245 2380 arian
266 2317 449 2398 amariora]
478 2316 527 2377 Ita
548 2335 660 2378 ornnes
677 2314 749 2378 libri
771 2313 924 2378 ultimum
946 2317 1075 2380 verbum
1095 2311 1168 2378 exhi·

159 2416 238 2480 hent
252 2438 262 2493 ;
299 2428 333 2478 at
360 2425 424 2477 tres
453 2414 711 2478 Graeco-Latinae
738 2413 889 2479 mendose
916 2414 996 2479 dant
1025 2421 1167 2490 καταςῆνα,

159 2517 244 2582 unde
260 2537 423 2602 perperam
439 2515 470 2579 in
485 2516 588 2581 nostra
601 2517 686 2581 venit
702 2517 857 2604 exempla.
894 2518 1029 2584 Dictum
1047 2512 1167 2606 Lycurgi

160 2619 287 2705 repetiit
308 2640 383 2683 curn
406 2617 527 2682 caeteris
549 2617 737 2703 Sapientum
758 2617 916 2684 dedomo
935 2619 1168 2684 dictisstobaen

159 2722 244 2786 Flor.
266 2721 331 2786 Iit.
355 2721 544 2784 LXXXIII.
568 2741 601 2806 p.
616 2722 700 2805 483:
725 2733 757 2783 et
779 2720 981 2806 peculiariter
1000 2720 1169 2787 Plutarchus

158 2823 405 2909 Apophthegm.
422 2843 455 2907 p.
470 2822 539 2907 189.
553 2822 592 2884 E.
619 2819 865 2909 Apophthegm.
880 2823 1003 2887 Lacon.
1018 2845 1052 2910 p.
1062 2823 1130 2893 228.
1140 2819 1170 2884 C.

159 2923 237 2987 Vita
252 2921 390 3010 Lycurgi
408 2945 438 3009 p.
452 2937 506 3006 52.
516 2923 560 2987 A.
1214 2991 1216 3008 Ι

202 3039 274 3105 155.
290 3025 328 3083 Ε.
350 3021 442 3108 ὥσπερ
466 3026 514 3099 τὴν
533 3019 699 3094 Βαθυκλέες
720 3022 824 3085 κύλικα
849 3023 1081 3112 δεαπεμπομὲνες]
1105 3026 1174 3112 Spe*

158 3122 224 3188 ctat
243 3121 401 3185 historiam
422 3122 462 3185 de
483 3119 645 3207 Bathyclis
669 3122 799 3205 poculo,
819 3123 905 3208 quod
928 3124 982 3188 hic
1000 3127 1176 3192 testamenta

157 3222 315 3309 legaverat
330 3220 515 3285 donandum
533 3220 773 3306 sapientiffimo;
797 3223 895 3309 igitur
916 3224 1029 3291 datum
1048 3226 1180 3306 Thaleti,

156 3323 210 3388 hic
226 3322 268 3387 ad
289 3321 387 3386 alium
403 3323 575 3407 sapientem
599 3321 727 3401 remisit,
750 3323 777 3386 is
799 3324 875 3388 item
895 3324 936 3390 ad
956 3326 1070 3410 alium,
1092 3345 1182 3417 atquc

156 3425 201 3490 ita
226 3424 410 3506 διεπέμποντο,
433 3422 536 3487 donec
557 3421 597 3486 ad
617 3423 784 3488 Thaletem
806 3425 912 3505 rediit,
933 3430 991 3514 qui
1014 3430 1184 3520 Didymaeo

156 3524 300 3613 Apollini
321 3523 530 3589 consecravit:
555 3524 658 3589 itaer
680 3524 879 3595 Callimacho
901 3532 999 3595 refert
1021 3533 1185 3622 Diogenen

157 3627 302 3695 Laertius
322 3626 348 3689 l.
364 3626 415 3692 28.
452 3624 586 3712 Vulgari
601 3625 730 3712 quidem
755 3628 840 3690 lama
860 3649 925 3693 non
947 3632 1116 3720 Bathyclis
1128 3657 1186 3724 po.

155 3730 277 3806 culum,
300 3725 352 3791 sed
375 3726 475 3812 tripus
496 3748 515 3789 a
541 3726 669 3791 Milesiis
692 3727 898 3813 piscatoribus
920 3745 1038 3817 captus
1066 3735 1102 3801 in
1124 3737 1186 3802 hoc

156 3832 277 3916 septem
303 3825 478 3914 sapientum
503 3825 640 3890 circuitu
661 3827 850 3894 celebratur.
893 3832 1037 3899 Breviter
1056 3838 1187 3926 attingit

153 3931 323 3996 dissensum
345 3927 534 3993 Plutarchus
558 3928 675 3992 Solone
701 3950 734 4014 p.
751 3931 802 3994 80.
818 3934 866 3995 u:
888 3940 981 3998 ταῦτα
1000 3939 1052 4019 μὶν
1074 3939 1120 4004 οὖν
1136 3943 1187 4005 ari

154 4032 289 4096 πλειόνων
304 4030 500 4117 τεθςύλληταο,
517 4032 596 4104 πλὴν
611 4028 652 4092 ὅτε
664 4031 696 4092 ri
711 4033 791 4115 δῶρον
804 4033 864 4094 ἀντὶ
877 4032 1001 4120 τρίποδος
1016 4044 1041 4102 οἱ
1053 4041 1107 4123 μὶν
1121 4043 1186 4126 μ’.

144 4147 204 4209 Ἰλον
223 4135 273 4196 ὑπὸ
297 4131 406 4216 Kpalra
428 4133 618 4210 πεμφθεῖσαν,
642 4136 666 4192 oi
690 4132 716 4192 δί
739 4133 869 4218 ποτήριον
892 4139 1064 4214 Batanaia
1084 4146 1185 4208 bron.

153 4232 247 4306 πόντος
267 4231 333 4314 εἷναο
353 4230 483 4316 λε’γεσιν.
520 4228 626 4294 Unius
648 4229 743 4318 hujus
765 4253 805 4298 ex
824 4233 1014 4309 Plutareheo
1032 4241 1189 4312 Convivia

456 4584 601 4640 A
