2700 4928
277 318 337 373 m
469 313 508 373 Ι).
516 312 567 372 W.
587 312 795 373 ANIMADV.
816 312 864 373 ΙΝ
883 310 1112 372 uturum

277 494 342 562 qua
361 473 572 539 animadversa
592 473 748 561 primariis
774 474 867 541 viris:
900 474 1055 563 Bergieru
1080 472 1123 538 ad
1147 470 1300 558 Aristoph.

277 574 399 662 Lyfistr.
418 593 489 660 243.
504 576 669 640 Gatakero
683 575 722 641 ad
738 578 789 640 M.
801 574 960 640 Antonin.
983 598 1017 662 p.
1035 592 1108 658 171.
1138 571 1299 639 Weffelin·

275 676 332 764 gio
343 675 384 739 ad
397 675 532 741 Diodor.
548 677 612 742 Sic.
628 679 667 742 Τ.
684 680 728 742 ΙΙ.
749 699 782 762 p.
798 697 873 763 423.
897 675 1112 744 Valckenario
1126 673 1168 739 ad
1181 672 1297 759 Euripi·

274 775 323 841 dia
346 777 481 863 Hippoi.
502 799 535 863 p.
552 797 634 858 241:
659 794 692 842 et
705 778 907 864 copiosrffime
921 778 1056 842 traditur
1073 773 1297 842 Hemsterhutio

275 877 316 943 sd
338 879 473 944 Luciani
494 882 533 945 T.
552 882 578 944 Ι.
603 902 635 966 p.
650 883 727 964 485.
750 893 783 944 et
806 879 869 966 seq.
893 901 1031 966 quorum
1052 876 1200 943 doetrina
1220 874 1297 940 nobit

274 994 444 1045 annotatos
458 981 547 1046 iocos
561 983 728 1068 occupavit
743 982 921 1068 plenosque,
938 997 1044 1047 tamen
1057 981 1212 1069 quosdam
1225 981 1294 1043 inu-

274 1081 345 1147 dios
361 1081 499 1168 reliquit.
534 1082 695 1147 Plutarchi
710 1084 793 1163 sunt,
810 1085 957 1171 Sympos.
972 1106 1004 1170 p.
1017 1083 1146 1167 713.B:
1169 1085 1201 1147 σό
1213 1082 1294 1159 dida·

273 1209 319 1249 σον
340 1183 670 1269 λίγοο-ῖσιψοῖλλονιις
696 1184 740 1265 καὶ
763 1194 963 1261 καταυλοῦντες
986 1186 1015 1249 οὗ
1039 1186 1174 1265 viduum.
1212 1187 1293 1250 Praec.

274 1286 364 1373 ReiP·
387 1288 465 1351 Ger.
489 1309 521 1373 p.
539 1287 612 1351 826.
629 1288 673 1351 B:
705 1287 733 1350 ni
757 1287 896 1369 τιθέμενος
918 1291 950 1352 ri
968 1293 1073 1352 οἰκεῖον.
1112 1287 1250 1353 Camillo
1267 1306 1292 1372 p.

275 1406 348 1473 130.
361 1390 407 1452 E:
432 1386 458 1450 ai
468 1415 496 1450 τι
509 1387 614 1452 δύναιτο
627 1387 717 1467 θέσθαι
727 1397 781 1451 τοῖιν
797 1389 866 1452 titur
878 1387 996 1470 ἄμεινον,
1012 1392 1104 1463 ῖντοῖς
1119 1393 1213 1463 κοινοῖς
1224 1392 1292 1451 νοοῖ·

272 1514 329 1554 σιν.
374 1490 531 1555 Marcello
554 1511 586 1575 p.
602 1508 678 1574 310.
694 1493 736 1554 F:
766 1491 867 1554 araim
888 1490 1009 1572 θεμένοις
1033 1499 1139 1565 καλῶς.
1175 1491 1292 1575 Thucy·

274 1592 359 1657 didis
375 1594 434 1656 lV.
454 1609 513 1675 17:
537 1595 599 1673 ὑμῖν
618 1595 678 1678 γὰρ
695 1592 826 1678 ιῦτυχῖοιν
843 1597 891 1670 τὴν
909 1600 1051 1680 παροῦσαν
1064 1593 1135 1669 iim
1151 1600 1241 1665 καλῶς
1253 1587 1292 1652 θῖ·

275 1699 344 1773 θοις.
381 1692 542 1779 Euripidis
559 1693 666 1781 Iphig.
682 1693 761 1759 Aul.
776 1713 834 1775 40¹
855 1718 863 1756 ι
887 1699 924 1758 Εἰ
937 1695 965 1756 δί
978 1698 1018 1776 μὴ
1035 1694 1130 1773 βοιῖλι
1147 1698 1244 1778 φρονεῖν
1261 1688 1292 1767 οῖ,

273 1798 343 1878 τᾶρι’
362 1793 420 1881 iyoi
438 1797 516 1872 θῆσιο
541 1803 645 1868 καλῶς.
689 1797 771 1878 672:
803 1795 914 1877 θέμενος
936 1794 965 1858 εὖ
987 1799 1078 1858 adusi.
1122 1792 1291 1860 Scolionin

273 1899 419 1965 Brunck.
440 1896 588 1963 Anaiedi.
607 1899 647 1961 T
665 1899 692 1961 1.
716 1919 749 1982 p.
766 1912 847 1979 154·
869 1896 1045 1982 -γινὸμενο
1061 1896 1090 1959 ni
1103 1895 1292 1973 s‘aalsa

274 2000 371 2065 cratis
392 2001 450 2066 Or.
474 1999 558 2064 Adv.
581 1999 750 2063 Lochitem
773 2020 806 2084 p.
821 1998 904 2079 684.
927 2003 965 2061 roi
983 2000 1090 2086 σφισιρ’
1108 2001 1198 2061 οὖνῶν
1215 2024 1241 2060 ιο
1228 1991 1291 2057 'ri-

274 2107 375 2181 aetion
412 2100 583 2187 Dionysus
611 2099 751 2165 Chalcus
775 2121 826 2184 ap.
855 2101 976 2164 Athen.
1000 2101 1074 2165 XV.
1108 2119 1143 2185 p.
1165 2101 1236 2185 669.
1254 2096 1291 2159 E:

273 2203 433 2288 Συμπόσιον
448 2212 570 2284 κοσμῶν,
587 2203 633 2277 οισι)
646 2230 676 2266 σο
693 2206 740 2267 σὸν
755 2230 782 2266 ru
768 2203 830 2266 δι’
817 2230 918 2285 ιμινος.

320 2323 390 2386 129.
406 2305 484 2367 Ι).’
471 2304 580 2384 apirian
593 2309 671 2367 σοθοο
656 2308 746 2381 vrit
762 2305 863 2369 σολυτι
853 2332 946 2385 ιμητον
966 2305 1083 2391 ὑγῖοιοιν]
1108 2299 1279 2369 Videor
1241 2324 1294 2366 mt-

275 2405 310 2469 hi
325 2403 399 2468 alibi
414 2402 477 2465 hoc
492 2402 598 2488 legitis
611 2404 683 2468 vel
676 2427 708 2468 m
723 2418 830 2490 poeta,
843 2406 915 2469 vel
907 2429 939 2470 ιιι
953 2406 1016 2471 alio
1026 2419 1131 2470 vetere
1144 2403 1296 2490 scriptore·

274 2504 385 2569 Subest
404 2502 500 2567 etiam
519 2501 552 2567 in
572 2505 693 2586 ιἰμνήσο,
715 2504 884 2585 celebrabit,
907 2507 1061 2593 ambigua
1081 2505 1174 2570 notio
1195 2505 1298 2569 tm-

276 2604 381 2670 tundi:
403 2627 500 2691 quam
515 2619 667 2672 notarunt
681 2609 893 2694 spanhemius
909 2609 950 2673 ad
963 2609 1083 2675 Juliani
1099 2611 1159 2674 Or.
1171 2608 1200 2672 1.
1214 2606 1299 2672 initia

274 2729 307 2795 p.
321 2730 352 2795 9.
365 2721 400 2772 et
415 2707 625 2774 Ruhnkenius
639 2709 681 2774 ad
693 2710 778 2775 Tim.
796 2716 868 2778 262.

322 2829 392 2896 129.
408 2811 446 2874 E.
469 2814 669 2898 ἐνσημανεῖσσρ]
695 2813 842 2877 Erasmus
861 2834 925 2876 non
945 2811 1028 2876 maie
1043 2811 1196 2894 reddidit,
1207 2814 1304 2901 secuta

274 2909 443 2975 annotabit.
471 2910 522 2977 De
537 2913 642 2977 Genid
657 2915 746 2978 Socr.
763 2935 795 2999 p.
808 2914 883 2999 589.
896 2913 942 2977 C:
960 2913 1148 2995 ἐνσημαίνεται
1160 2917 1217 2990 τοῖς
1226 2912 1304 2987 θιῖοις

275 3008 323 3088 nai
335 3013 468 3097 σιριτῖοῖς
483 3014 597 3100 ἀνδράσι
613 3017 659 3076 τὸν
676 3021 724 3076 τοῦ
745 3015 886 3090 νοήσαντος
907 3013 1002 3097 λόγον,
1014 3013 1175 3102 fignificat
1196 3013 1304 3084 divinit

273 3121 303 3174 et
323 3111 451 3196 egregiis
472 3112 548 3176 viris
564 3114 744 3199 sententiam
772 3113 939 3198 cogitantis.
983 3114 1137 3180 Aristides
1161 3117 1202 3183 T.
1219 3117 1246 3181 l.
1270 3136 1303 3201 p.

273 3213 360 3296 336:
392 3212 603 3297 ῖνσημρνοῖμενδς
615 3211 646 3276 σι’
659 3240 714 3287 σοις
728 3218 761 3298 τῇ
777 3219 846 3297 φωνῇ
862 3211 908 3290 κα)
920 3214 1051 3278 inuitauit
1066 3217 1228 3297 ῖέιπῖιηδος,
1249 3240 1304 3282 no·

275 3325 343 3376 tans
365 3313 573 3396 quodammodo
592 3337 673 3392 voce,
695 3324 724 3375 et
743 3314 779 3375 de
793 3312 937 3399 industria
951 3315 1088 3381 obticeat.
1126 3320 1248 3384 Seneca
1262 3323 1304 3382 E·

274 3413 343 3500 pist.
360 3412 463 3477 CXV.
486 3436 520 3499 p.
533 3430 609 3498 455.
626 3413 726 3478 dixit:
749 3415 853 3478 utilia
871 3441 941 3503 quae
951 3418 1081 3504 sarscris
1095 3421 1194 3508 magis
1205 3418 1305 3509 appli-

270 3535 318 3579 cet
331 3512 386 3576 tihi
400 3524 427 3574 et
441 3512 536 3576 veluti
545 3513 661 3599 stgnes.

319 3632 392 3701 129.
415 3617 454 3679 E.
490 3614 595 3679 πόσεσι
623 3614 669 3695 καὶ
694 3620 879 3705 προσφοραῖς]
920 3617 1113 3684 Meziriacus
1142 3606 1306 3687 annotatit

274 3717 430 3810 προπόσεσι
454 3715 499 3791 καῖ
519 3723 739 3805 συμπεριφοραῖς·
767 3734 802 3785 et
826 3721 897 3784 sane
926 3721 1113 3787 Plutarchus
1136 3721 1208 3788 haee
1230 3746 1305 3811 pro-

274 3822 358 3887 xime
380 3820 444 3908 ipse
467 3819 664 3906 interpretari
688 3821 811 3886 videtur
832 3820 933 3885 οῖνονσιν
955 3821 1001 3900 κο)
1019 3827 1242 3912 σομπιριφορᾶνε
1273 3840 1308 3892 at

273 3923 417 3989 videtur:
441 3942 515 3986 nam
540 3920 729 3986 vocabulum
747 3927 912 4010 προσφοραῖς
931 3923 1160 4009 interpretatur
1178 3931 1304 4014 τροφοῖς.

274 4024 567 4113 Frequentiffimum
583 4023 625 4086 est
638 4022 829 4111 σςοσφέριῶοῖ
847 4050 885 4104 τι,
905 4024 1008 4087 edere:
1030 4041 1064 4090 at
1083 4026 1183 4092 rarius
1205 4052 1305 4118 προσ-

270 4130 354 4208 φορὰ,
375 4127 464 4213 Esus,
486 4125 546 4191 ned
567 4123 599 4189 iu
623 4124 784 4189 Plutarchi
806 4125 929 4210 scriptis
951 4126 1026 4190 alibi
1039 4126 1147 4214 legere
1162 4151 1216 4194 me
1232 4152 1305 4196 me·

271 4224 371 4290 mini:
394 4226 499 4294 adfert
511 4240 620 4293 umen
635 4225 763 4292 aliunde
777 4225 923 4312 exempla
946 4229 990 4292 H.
1005 4227 1189 4316 Stephanus
1206 4230 1304 4299 Thes.
