2700 4928
181 344 257 396 1020
321 336 358 396 D.
372 337 422 395 W.
444 336 648 395 ANIMADV.
671 337 716 396 IN
738 337 972 398 PLUTARCHI
994 338 1066 398 LlB.

177 496 299 560 fortalse
321 497 429 561 solitus
447 512 567 562 naturae
589 499 720 563 affedius
741 498 773 562 in
794 498 902 576 lutiu,
926 520 1044 585 corpus
1065 520 1119 586 por
1136 497 1186 562 hu·

175 617 263 658 nrum
287 597 452 674 sternendi,
475 597 561 683 quod
583 599 625 662 est
649 598 859 662 Homericum
886 598 982 663 Iliad.
999 601 1043 664 X.
1057 620 1129 681 414.
1146 626 1184 661 ιιι-

174 695 321 776 λινδόμενος
335 702 409 760 κατὰ
425 698 534 784 κόπρον,
550 698 774 785 reprehensum
795 720 815 761 a
835 699 973 763 Platone
997 702 1074 787 Rep.
1090 701 1146 763 lIl.
1158 721 1183 785 p.

174 798 307 879 433·A·
1058 803 1062 807 ’

218 899 288 961 168.
300 901 343 964 D.
359 901 523 986 ἓξοιγορεῦει]
550 901 697 980 enunciat,
717 901 885 988 profitetur,
903 914 1069 987 tamquam
1083 922 1101 964 a
1113 899 1183 963 furii!

173 998 320 1062 coadius:
345 1022 394 1063 res
408 1015 442 1063 et
461 1022 578 1065 nomen
599 1002 630 1065 in
651 1002 712 1065 hoc
730 1014 924 1086 argumento
946 1003 1180 1087 frequentantur:

173 1099 352 1163 notavimus
368 1099 407 1163 ad
422 1102 489 1165 Ser.
505 1102 605 1164 Num.
619 1100 717 1166 Vind.
734 1125 766 1188 p.
780 1104 856 1185 566.
872 1103 911 1165 E.

217 1199 341 1263 168.D.
361 1201 460 1286 πράῳ]
487 1203 600 1265 Forma
615 1201 772 1265 foeminini
787 1201 842 1266 ista
857 1223 923 1265 nou
939 1201 1028 1280 alibi,
1043 1200 1123 1288 quod
1135 1200 1178 1264 sci·

171 1323 235 1380 am,
257 1323 276 1365 a
297 1325 349 1366 me
370 1303 488 1368 leolum
511 1326 651 1367 nornen:
676 1318 773 1384 certe,
788 1327 852 1368 non
870 1304 960 1390 apud
976 1304 1178 1378 Plutarchum

171 1403 289 1488 quippe
303 1408 403 1491 πραεῖα
418 1404 595 1489 usurpatur.
632 1406 747 1489 Neque
768 1417 875 1468 tamen
899 1403 966 1469 hoc
980 1426 1127 1490 reponere
1136 1425 1178 1466 νο
1216 1460 1218 1511 l

172 1503 251 1567 lenti
267 1504 387 1569 Reissrio
401 1505 564 1584 assentior3
588 1528 687 1591 quum
710 1505 742 1569 in
763 1504 893 1591 vulgata
907 1525 1024 1570 omnes
1037 1505 1105 1570 libri
1116 1524 1178 1568 con·

174 1603 321 1668 sentiant.

218 1708 288 1769 168.
300 1707 344 1769 D.
366 1705 825 1792 σεςιθυὸμενος-οιεριμιιτδὸμενος]
849 1704 1075 1772 Consulendua
1087 1705 1178 1772 dehac

172 1808 337 1872 verborum
361 1807 463 1871 forma
486 1806 580 1871 etde
602 1830 636 1871 re
658 1808 723 1893 ipsa
746 1807 785 1871 ll.
803 1808 1011 1873 Casaubonus
1033 1809 1074 1874 ad
1092 1808 1180 1874 llroo·

172 1911 286 1995 phrasti
302 1910 483 1974 Charatter.
500 1911 540 1974 de
554 1910 791 1997 Superstitione,
806 1925 839 1974 et
853 1911 956 1974 nostra
977 1909 1178 1977 animadverto

171 2011 211 2076 ad
233 2035 263 2098 p.
283 2015 352 2075 166.
367 2014 411 2076 A.
1002 2017 1006 2023 ’

215 2115 286 2175 168.
302 2114 344 2180 D.
367 2113 445 2192 φησὶν
460 2118 473 2174 ὁ
488 2112 612 2196 Βίων-]
643 2112 749 2177 Acuta
771 2112 848 2176 vidit
872 2113 911 2176 ls.
928 2113 1129 2178 Casaubonua
1147 2109 1176 2175 ad

169 2212 350 2297 Diogenem
374 2214 479 2275 Laert.
499 2211 530 2275 in
551 2213 615 2274 vita
630 2213 751 2290 Bionis,
771 2212 892 2276 diuum
908 2212 1074 2298 quoddam
1087 2209 1176 2276 Bionit

168 2312 309 2375 exstitill'e
325 2311 506 2398 hujusmodi
521 2312 613 2396 quale
633 2312 685 2376 hic
706 2312 882 2398 proditura
900 2313 1083 2392 Plutarcho,
1098 2311 1175 2399 idque

167 2411 268 2496 ipsum
283 2435 301 2475 a
316 2413 464 2497 Diogene
480 2413 654 2498 fignificari‚
672 2417 729 2478 lV.
744 2433 764 2498 5
766 2433 883 2504 5-757.
900 2427 1035 2480 notante
1048 2417 1174 2488 Biouem

166 2511 220 2598 qui
234 2534 334 2598 quum
354 2525 447 2574 antea
468 2512 553 2575 istam
569 2513 816 2598 superstitionem
830 2514 947 2592 rifillet,
963 2516 1069 2601 postca
1080 2512 1173 2578 morbo

166 2628 200 2678 et
218 2612 329 2679 mortis
343 2625 432 2676 metu
445 2613 485 2676 ad
502 2635 571 2677 eam
588 2613 617 2677 se
632 2613 837 2699 applicueritz
861 2613 908 2694 καὶ
920 2613 1014 2702 &epto
1026 2640 1091 2679 ποτε
1104 2617 1172 2695 ἐμει-

166 2715 221 2779 σιδν
244 2721 279 2790 εἰς
296 2715 381 2793 νο’σον,
400 2716 434 2788 ὥς
457 2713 574 2796 ἔφασκον
597 2720 619 2777 οἱ
641 2718 667 2776 ἐν
691 2714 825 2792 Χαλκίδι,
844 2715 941 2778 αὐτόθι
961 2721 1022 2800 γὰρ
1038 2714 1084 2795 ml
1103 2711 1171 2777 mi·

166 2819 262 2902 ςρνψε,
278 2816 415 2904 melania
428 2814 521 2879 λοιὸἔιν
535 2813 646 2893 ἐτέθη,
670 2812 715 2891 καὶ
728 2817 945 2896 μεταγινώσκειν
966 2818 1006 2895 ἐφ’
1027 2815 1064 2890 οἷς
1081 2818 1171 2892 ictup-

164 2918 268 2998 μέλεσι
285 2922 309 2991 ἐς
323 2920 354 2981 τὸ
367 2921 447 2980 θεῖον.
492 2919 572 2981 Mox
596 2915 730 2980 iambico
744 2929 845 2979 metro
860 2915 944 2979 idern
968 2930 1074 2982 narrat
1091 2910 1171 2989 -Kd

163 3019 234 3101 'ypati
252 3018 333 3078 δῶκεν
354 3021 475 3103 εὐμαρῶς
489 3018 631 3104 τράχηλον
645 3021 680 3088 εἰς
697 3018 806 3102 ἐπῳδὴν,
822 3015 880 3093 Καὶ
894 3016 1023 3080 σκυτίσιν
1036 3015 1171 3106 βραχίονος

163 3116 343 3197 πεπεισμένος
366 3120 394 3202 γΪ
416 3119 503 3194 ἔδησε.
540 3115 636 3201 Quod
651 3116 815 3180 Salmasius
834 3117 972 3182 Exercit.
988 3118 1021 3182 ln
1035 3118 1131 3183 Solin.
1146 3136 1170 3201 p.

161 3234 236 3303 370.
259 3239 289 3280 a.
306 3220 340 3281 F.
366 3219 491 3282 σκοείσει
512 3231 672 3279 mutatum
696 3218 762 3284 vult
785 3218 816 3282 in
840 3218 957 3298 κοςίσιν,
976 3220 1052 3305 quia
1070 3219 1170 3285 scilicet

162 3318 298 3403 σεριάπῖα
322 3318 558 3382 includerentur
586 3316 617 3379 in
643 3319 742 3397 κύςεις,
766 3319 872 3405 itaque
897 3320 1029 3386 brachio
1052 3318 1172 3408 appensa

161 3424 366 3510 gestarentur,
380 3422 508 3508 ejusque
524 3421 619 3484 moris
634 3423 814 3509 exemplum
830 3424 932 3489 adfert
946 3448 964 3489 e
978 3425 1171 3492 Dioscorider

162 3522 204 3586 est
218 3522 287 3586 haec
300 3523 437 3587 mutatio
451 3522 563 3586 veteris
582 3523 756 3608 scripturae,
780 3546 843 3589 non
865 3525 1070 3607 emendati03
1092 3524 1173 3611 fiqui·

161 3623 234 3688 dem
252 3636 286 3686 et
305 3621 436 3685 caerlion
450 3622 510 3685 luit
525 3623 596 3686 usus
613 3622 756 3708 magicus
771 3638 803 3687 et
819 3624 1066 3710 superstitiosus:
1090 3624 1175 3691 veluti

159 3726 256 3790 refert
275 3723 427 3786 Tatianua
446 3723 501 3787 Or.
519 3724 640 3788 Contra
659 3727 718 3788 Gr.
742 3746 775 3810 p.
795 3729 864 3810 156.
881 3729 929 3792 Ax
953 3730 1013 3790 οὐδὲ
1032 3735 1046 3792 t
1064 3727 1177 3818 pepp&

158 3825 290 3889 σκοτίδοιν
305 3823 472 3908 ἒξαρτὴμοισι
491 3823 678 3910 θεραπεύεται·
702 3826 831 3906 δαιμόνων
843 3828 910 3889 εἰσὶν
923 3829 1025 3911 ἔφοδοι.
1063 3833 1105 3896 Et
1122 3853 1177 3895 nu·

157 3928 252 3991 trices
265 3924 437 3990 infantibus
451 3925 588 4010 primum
603 3925 715 3989 dentes
727 3927 946 3992 emittentibus
960 3930 1085 3997 scortea
1095 3956 1179 4021 qua·

157 4027 232 4091 dam
247 4027 375 4114 alligare
390 4024 495 4088 solitas
510 4039 615 4088 narrat
629 4024 774 4090 Julianus
789 4028 844 4092 Or.
857 4030 933 4092 Vll.
950 4051 984 4114 p.
998 4034 1075 4097 206.
1087 4035 1136 4099 D:
1155 4030 1182 4111 oi

155 4123 251 4200 τίτθαι
263 4124 331 4211 mpi
349 4127 400 4197 τὰς
419 4123 584 4204 δδοντοφοΐοις
603 4128 744 4200 κνηςιῶσιν
762 4129 851 4200 αὐτοῖς
876 4132 944 4208 (τοῖς
957 4132 1097 4215 παιδίοις)
1113 4135 1180 4198 cud-

154 4251 216 4287 τινα
227 4224 295 4288 ’ἄνια
308 4226 466 4312 εςοσιιρτᾷν
478 4228 540 4287 ταῖν
549 4228 655 4309 χεροῖν.
683 4227 765 4290 Haec
779 4226 850 4291 satis
864 4227 905 4292 de
920 4229 983 4294 hoc
999 4233 1070 4298 usu.
1110 4239 1181 4302 Fre.

359 4568 491 4608 A
