2700 4928
331 340 385 400 DE
406 339 726 401 SUPERS’I'ITIONE.
745 339 892 417 p.168.A.
1050 344 1126 410 ¹⁰¹7

138 525 164 567 »n
180 501 273 582 itcm,
287 502 406 567 alinum
420 502 506 568 verbi
522 501 642 567 caussa:
663 504 718 566 Τὸν
732 499 787 565 ὄνον
804 506 865 587 ὄρᾷν
878 498 949 577 ἔξει-ι
962 506 1059 586 πρῶνα
1071 524 1143 564 ss·-

138 603 167 666 rl.
198 603 289 678 Οὗτος
305 604 479 684 κακοδαίμων
493 604 548 676 icis
562 601 782 687 ὁμολογουμένοις.
818 601 914 685 Τούτῳ
929 602 1013 663 κακὸν
1026 601 1057 662 δι’
1073 605 1126 663 αὖ·

138 704 361 788 ιοῦδὲνγίνειαι.
391 703 433 767 Ἃ
447 706 498 780 ts
518 704 596 783 φύσις
609 703 718 767 bidom
732 706 818 787 wirqi,
833 704 910 764 ταῦτ’
925 700 995 787 ἔχει.
1030 703 1128 782 'Hp-⁷⁶5

138 807 229 891 χωρὶς
241 814 295 869 τῶν
308 805 468 890 ἀναγκαίων
486 813 591 883 κακῶν,
611 806 695 868 Αὐτοὶ
715 805 788 891 aag’
803 807 891 866 αὐτῶν
904 801 984 888 ἕτερα
996 825 1128 889 προσπο-

138 909 219 988 ζομεν.
259 905 416 988 Λοπούμν8
435 904 469 967 tir
490 905 588 991 πτάρῃ
609 928 660 980 τις·
684 904 718 969 ais
736 904 793 990 εἴη)
816 911 919 981 κακῶς,
937 903 1126 989 Ὀργιζίμι8·

146 1006 190 1093 ἴδῃ
205 1033 247 1082 τις
267 1007 392 1085 ἐνύπνιον,
407 1007 512 1092 σφόδρα
529 1004 695 1087 &obstipe-3⁸
719 1005 752 1070 air
764 1008 860 1089 γλαῦξ
872 1005 1031 1091 ἀνακράγῃ,
1044 1002 1128 1068 διδοῖ·

138 1135 201 1189 μιν.
236 1106 363 1172 Deinde
383 1106 507 1171 nullum
529 1107 625 1171 exstat
647 1107 679 1170 in
700 1106 763 1171 hoc
784 1106 857 1170 loco
879 1105 1044 1183 indicium,
1065 1107 1128 1169 δαι-

138 1207 191 1271 ’νιον
210 1216 297 1295 palpa
319 1207 384 1286 ἄτης
407 1230 446 1272 ex
467 1207 530 1271 alio
544 1198 712 1292 scriptore,
734 1221 790 1270 aut
809 1218 915 1291 poeta,
936 1221 1032 1292 atque
1049 1205 1129 1272 adeo

138 1309 294 1372 »minutim
313 1332 352 1373 ex
372 1307 526 1395 AEsehylo
547 1306 729 1372 desumtum
750 1306 820 1370 effe.
856 1308 942 1371 Nam
956 1305 1042 1392 quod
1059 1306 1129 1372 haec

138 1409 226 1474 orfim
245 1432 282 1475 ac
302 1410 426 1475 diverfis
440 1408 665 1474 locisadhibet
679 1407 809 1471 nomina
822 1406 994 1494 AEschylus
1007 1407 1127 1473 nullam

138 1511 203 1576 rhet
216 1511 403 1576 imitationis
416 1510 649 1576 auctoritatem.
684 1507 836 1594 Sophocli
850 1508 893 1572 est
907 1507 959 1586 ὅτι
973 1509 1083 1594 οὐρανία
1095 1509 1129 1574 in

138 1610 205 1696 jace
226 1627 298 1697 197.
335 1613 469 1677 Pindaro
491 1612 623 1699 Olymp.
647 1612 689 1674 X.
704 1611 759 1692 46.
780 1609 871 1689 βαθὺν
891 1614 927 1684 εἰς
946 1611 1042 1696 ὀχετὸν
1059 1608 1130 1686 ἄτας

138 1739 207 1777 ιιοαν
228 1719 274 1777 ἐὰν
295 1714 391 1778 πόλιν·
422 1712 508 1800 quod
530 1711 716 1777 scholiastes
741 1711 965 1796 interpretatur
986 1716 1022 1785 εἰς
1042 1718 1130 1798 paupe

138 1841 169 1893 ης
183 1818 355 1896 ἐμποιοῦσαν.
385 1816 436 1879 Est
451 1814 521 1879 haec
536 1812 695 1878 Plutarchi
718 1810 927 1891 consuetudo,
946 1825 984 1876 ut
1001 1834 1060 1899 pro
1078 1834 1129 1877 ar·

138 1916 252 1982 ementi
269 1917 424 2003 gravitate
439 1916 615 1980 orationem
632 1912 763 1978 subinde
784 1912 824 1977 ad
839 1913 999 1998 poeticam
1013 1913 1129 1980 diato-

138 2039 178 2083 nn
203 2017 347 2097 extollat,
373 2039 432 2082 nec
456 2032 562 2081 tamen
589 2030 712 2081 eertum
737 2013 871 2102 alicujus
895 2030 999 2101 poeta
1020 2016 1129 2083 locum

138 2118 243 2185 fflat:
267 2119 319 2183 sed
338 2119 408 2183 haec
427 2117 556 2205 quidem
576 2118 670 2181 verba
687 2114 805 2202 φέριθαι
818 2123 905 2203 ῥεῦμα
919 2118 1051 2200 δαιμονίαν
1063 2116 1132 2198 ἄτης

138 2232 232 2285 iterat
244 2219 341 2284 etiam
357 2221 440 2285 intra
453 2221 516 2283 suae
537 2218 670 2283 modum
685 2219 921 2306 terminumque
934 2220 1033 2305 prosa
1050 2240 1131 2284 cona

138 2343 252 2410 ngere.
288 2321 440 2386 Similiter
453 2328 540 2408 ῥεῦμα
557 2321 598 2385 ad
612 2318 687 2384 alias
701 2342 750 2384 res
765 2321 948 2384 transsatum
963 2320 1128 2407 reperitur.

149 2444 181 2488 c.
218 2425 304 2511 Opp.
325 2426 413 2489 Mor.
436 2446 469 2510 p.
485 2426 559 2508 609.
573 2423 611 2488 Β.
633 2427 688 2498 τοῖς
709 2429 861 2505 κλαυθμῶν
875 2426 922 2487 καὶ
937 2427 1055 2511 ὀδυρμῶν
1067 2426 1130 2514 ριὗ-

138 2552 192 2590 ιοιν
210 2528 241 2590 ἐκ
262 2532 327 2607 μιᾶς
348 2530 444 2608 πηγῆς
458 2523 604 2610 φερομέναν
625 2525 732 2608 ἔοιέιαι.
768 2527 821 2590 De
835 2525 967 2590 effluviis
982 2529 1081 2619 Lupae
1096 2527 1128 2592 in

138 2649 224 2693 rram
240 2647 272 2713 p.
288 2628 362 2711 658.
384 2627 423 2692 C.
447 2634 495 2690 τοῦ
517 2625 646 2710 φερομένα
662 2626 793 2713 ῥεύματος
807 2629 854 2689 ἀπ’
867 2631 961 2705 αὐτῆς.
996 2629 1129 2693 Divina·

138 2728 203 2793 suls
216 2731 247 2791 rb
260 2730 391 2810 μαντικὸν
405 2734 491 2813 ῥεῦμα
505 2728 527 2813 ᾖ
542 2734 667 2808 πνεῦμα.
703 2726 821 2791 Similis
842 2728 923 2791 ratio
942 2749 974 2812 p.
988 2747 1008 2812 3
1010 2744 1064 2812 57.
1079 2730 1129 2793 At

139 2828 233 2914 ιμονίφ
252 2829 385 2910 πνεύματι
407 2828 493 2908 Phbu
511 2826 669 2907 πυθομένην
688 2831 736 2904 τὴν
750 2825 1010 2907 Ἰοιν-ἇφικὸθοι.
1047 2829 1130 2892 ltem

138 2949 178 2993 co
191 2925 320 3013 effluvii,
335 2925 542 3004 exhalationis,
556 2926 710 3012 ἁνιοῤῥοῖας,
727 2947 759 3011 p.
772 2926 845 3006 648.
860 2929 902 2990 A.
917 2926 991 2991 680.
1004 2928 1040 2991 F.
1055 2928 1130 3014 683.

140 3074 149 3091 .
172 3029 249 3113 916.
264 3028 308 3090 D.
332 3028 405 3111 938.
423 3028 467 3089 D.
502 3028 575 3092 Jam
597 3026 642 3089 nil
664 3025 859 3111 frequentius
876 3027 1039 3092 mentione
1052 3026 1131 3108 ἄτης,

138 3152 165 3194 re
182 3141 221 3193 ut
234 3129 375 3206 numinis,
389 3129 447 3192 five
461 3141 498 3191 ut
512 3127 634 3191 damni:
658 3142 690 3191 et
713 3127 899 3192 Plutarchus
917 3128 1050 3195 adhibet
1070 3152 1131 3195 no·

138 3254 193 3308 en,
208 3242 323 3315 praeter
338 3230 424 3293 hunc
438 3228 545 3292 locum
560 3249 593 3313 p.
609 3231 680 3308 164.
697 3229 737 3292 C.
760 3229 836 3308 418.
850 3231 890 3294 E.
916 3229 984 3296 Vit.
999 3233 1073 3296 666.
1088 3234 1131 3298 A.

138 3329 293 3412 ,δαιμόνιος
311 3330 430 3393 centies
452 3329 538 3414 apud
560 3328 709 3393 eumdem
730 3329 837 3394 exstat.
881 3330 1029 3418 Denique
1051 3331 1133 3413 οἲπαι

138 3432 299 3519 cepimus,
318 3447 356 3496 ut
378 3432 546 3496 lectionem
566 3430 757 3516 legitimam,
777 3432 895 3518 quippe
917 3455 989 3518 quae
1010 3435 1134 3500 bonum

138 3535 230 3599 nsum
245 3536 411 3620 praeberet,
424 3550 456 3597 et
471 3534 665 3617 praeberetur
679 3532 743 3618 ipsa
756 3533 798 3596 ab
811 3533 935 3618 optimo
949 3534 1060 3600 codice
1074 3558 1132 3601 an·

138 3658 211 3722 quo.
246 3636 333 3698 Nam
355 3649 536 3720 poteramus
559 3633 773 3720 conjed'turam
794 3636 904 3700 afferre
927 3639 1133 3724 probabilem,

138 3752 146 3802 t
159 3739 207 3801 τὸν
221 3741 266 3799 νῦν
283 3750 445 3821 tamquam
461 3738 501 3799 ab
520 3734 728 3798 antecedente
743 3739 824 3799 αὑτὸν
837 3750 871 3800 et
886 3738 1034 3822 sequente
1050 3748 1134 3803 νοσῶν

138 3839 283 3903 »nuatum
299 3837 488 3913 deleremuS,
510 3850 544 3899 et
565 3836 827 3900 construdlionem
843 3836 1005 3901 sententiae
1023 3838 1063 3902 ab
1076 3861 1134 3902 an·

138 3941 278 4006 cedente
293 3941 357 4018 psol
372 3954 598 4024 repeteremus.
625 3939 671 4000 At
684 3937 745 4000 alia
758 3937 799 4000 est
814 3937 970 4023 legitima,
982 3937 1045 4001 alia
1058 3960 1134 4022 pro·

138 4042 221 4107 rbilis
234 4042 348 4107 lectio:
373 4039 528 4125 legitima,
543 4037 596 4101 nifi
617 4061 636 4101 a
654 4037 816 4102 codicibus
832 4036 939 4102 oblata
953 4037 1136 4122 probabilis,

138 4143 199 4209 ulla
212 4144 273 4208 est:
297 4142 383 4228 quod
399 4140 582 4205 monuimus
596 4153 692 4224 p.15.
707 4140 751 4202 A.
789 4140 869 4202 Haec
884 4151 1134 4224 praetermorem

138 4246 250 4312 ostrum
267 4244 361 4310 fufius
376 4241 598 4327 explicuimus,
613 4252 646 4304 et
659 4253 696 4303 ut
710 4238 866 4304 rationem
880 4238 1070 4308 haberemus
1081 4242 1137 4309 viri

1151 4482 1328 4638 ..1-
