2700 4928
157 276 239 331 tato
347 261 388 327 D.
399 263 452 325 W.
470 260 677 324 ANIMADV.
697 260 747 320 IN
767 255 1007 321 inmanem

159 447 193 516 7.
211 449 252 496 10
263 454 273 496 t
297 429 406 495 Tecum
418 425 570 516 Philippu
582 438 612 490 at
625 425 742 490 celerem
752 423 883 513 figam,
900 420 997 508 Senſs,
1018 416 1126 486 relide
1137 439 1183 486 stt

157 531 230 597 dene
245 529 399 620 pomula.
432 530 616 617 Stephanus
636 527 669 594 in
693 526 894 615 Fragmentis
916 523 1034 592 omitit.
1072 521 1182 592 Retulit

159 631 344 698 Bruockiua
363 633 396 697 io
416 630 583 697 Analedlis
605 632 664 697 Gr.
690 631 778 694 Poet.
803 628 880 696 Vol.
905 629 934 693 1.
960 649 996 714 p.
1021 640 1078 708 4ο.
1102 625 1184 692 tertio

160 737 253 802 versu
279 733 413 801 reddent
435 736 527 810 Αὐτὸς
551 735 572 799 δ’
595 733 725 819 leima
742 732 853 796 turha
877 730 972 805 τίλας·
1004 732 1093 805 ἀσπὶς
1116 729 1186 808 ἐκάη

160 834 290 924 Ἐῤῥέω·
320 838 361 913 ἐξ.
384 860 433 900 nr.
453 839 484 899 ul
506 861 547 901 x:
576 834 673 900 tertio
696 832 870 920 corrigens,
896 846 1029 897 mutato
1050 844 1187 910 accentu,

160 937 243 1017 lum,
265 948 477 1024 tegumentum.
512 937 622 1004 Verbo
638 950 732 1001 tenus
754 934 946 1001 Archilochi
960 934 1087 1000 factum
1102 933 1187 1023 figni-

160 1038 458 1103 ficavitEustathius
470 1039 512 1103 ed
532 1037 721 1127 Dionylium
741 1038 863 1124 Perieg.
878 1053 957 1122 533.
973 1039 1052 1120 767.
1090 1037 1188 1102 Philo·

157 1139 270 1204 (batus
291 1139 551 1226 V1t.Apollonii
577 1142 621 1204 11.
647 1154 679 1224 7.
708 1160 743 1225 p.
764 1153 820 1224 55.
868 1137 1040 1218 Carmina,
1067 1152 1190 1227 propter

158 1241 276 1306 amoris
295 1239 543 1327 impudicitiam,
559 1239 646 1328 juffu
665 1238 1001 1320 lacedemoniorum,
1015 1262 1056 1306 ex
1071 1239 1189 1306 civitate

157 1353 338 1427 exportata,
353 1356 459 1407 narrat
471 1341 619 1407 Valerius
633 1339 797 1408 Maximus
810 1341 870 1406 Vl.
884 1360 920 1426 3.
940 1360 971 1406 1.
992 1341 1082 1406 ‚Atia
1094 1341 1188 1407 etiam

160 1442 204 1509 de
225 1443 289 1509 hoc
310 1443 384 1510 loeo
402 1443 458 1531 qui
477 1445 669 1532 cognoscere
691 1443 813 1529 cupiat,
834 1441 932 1508 adeat
954 1431 1193 1510 eruditiffimum

160 1545 343 1612 Jacobfium
370 1545 402 1610 in
429 1544 761 1613 Animadverfionibuu
793 1543 835 1609 ad
864 1544 1109 1636 Anthologiam
1135 1547 1185 1612 Gr.

161 1647 237 1714 Vol.
256 1648 284 1712 1.
300 1648 384 1713 Part.
399 1649 426 1714 1.
448 1670 482 1735 p.
501 1663 572 1734 150.

205 1768 279 1837 239.
294 1749 336 1816 C.
358 1748 424 1838 nst]
451 1751 560 1816 Pueris
583 1764 618 1816 et
639 1748 755 1840 puellis
776 1749 967 1816 communia
985 1751 1080 1818 fuiffe
1100 1753 1186 1832 sacra,

160 1849 237 1918 licet
256 1853 306 1918 his
319 1853 422 1920 uerbis
442 1875 507 1923 non
528 1852 605 1920 alibi
623 1851 797 1940 proditum,
811 1865 921 1919 tamen
935 1853 1132 1944 intelligitur
1143 1855 1185 1919 ia·

160 1952 213 2033 de,
236 1952 327 2040 quod
349 1953 543 2036 saltationes,
569 1952 656 2034 fella,
677 1947 919 2020 exercitationes
940 1954 983 2020 iis
1005 1976 1186 2022 communes

159 2050 313 2119 fuerunt:
336 2053 378 2120 de
390 2076 457 2142 quo
469 2053 618 2121 instituto
631 2053 699 2142 agit
712 2052 850 2141 Cragius
865 2054 928 2119 111.
945 2075 981 2143 9.
996 2075 1032 2142 3.
1049 2053 1085 2122 et'
1097 2076 1129 2140 4.

202 2173 275 2242 239.
292 2153 333 2220 C.
350 2155 429 2242 aest]
458 2158 502 2222 Et
521 2155 690 2243 fingulurc,
712 2167 748 2221 et
765 2155 892 2222 fortasse
911 2157 1119 2240 mendosum,
1138 2157 1182 2224 cd.

159 2254 344 2345 Aliquando
364 2256 428 2323 luit
443 2278 545 2344 quum
558 2260 752 2346 naptpsurir,
768 2256 938 2339 aleatorem,
962 2259 1182 2349 corrigendum

157 2371 317 2444 putarem.
352 2357 423 2423 Nec
438 2370 546 2424 tamen
560 2358 607 2423 ita
628 2357 706 2446 quid
727 2358 929 2446 proficimuu3
957 2360 1118 2447 liquidem
1131 2365 1183 2428 ll·-

157 2461 267 2539 uuidar,
290 2457 434 2546 injuriam
443 2459 544 2546 ferre,
566 2458 656 2525 laudi
676 2458 853 2526 ducebatur
873 2461 1024 2547 Sparte:
1055 2479 1096 2531 ut
1114 2463 1182 2530 vidi·

156 2581 232 2626 mus
246 2560 346 2627 Instit.
362 2559 417 2634 ις’.
431 2573 466 2627 et
476 2561 647 2649 Apophth.
662 2585 696 2648 p.
709 2582 781 2651 190.
793 2564 843 2628 A:
858 2577 891 2629 et
903 2563 1084 2653 Σκιςαφωις
1097 2570 1181 2656 Spar·

159 2675 255 2728 tanus
283 2663 341 2745 vir,
369 2678 566 2730 memoratur
596 2687 635 2730 ex
663 2665 885 2752 Theopompo,
913 2688 934 2731 a
958 2668 1133 2736 Plutarcho
1154 2671 1181 2735 ia

157 2763 235 2831 Vita
260 2765 413 2855 Lysandri
442 2788 476 2854 p.
495 2784 570 2849 442.
593 2769 640 2832 D.
684 2768 801 2855 Neque
824 2788 884 2855 pro
909 2779 1034 2836 πολλῶν
1059 2773 1182 2858 probem

156 2868 314 2951 consuler,
327 2889 423 2956 quam
439 2869 527 2935 Mori
547 2868 763 2958 conjedluram
782 2868 933 2936 meminit
950 2872 1125 2962 Gierigins,
1139 2873 1182 2938 vir

157 2969 364 3037 dodtiffimuu.

199 3092 274 3159 239.
290 3073 332 3140 C.
353 3074 429 3160 λζ’]
454 3075 497 3140 Et
511 3075 575 3141 hoc
588 3072 743 3162 iugulare
756 3075 809 3139 est.
847 3073 1047 3162 interpretes
1060 3076 1181 3166 quidam

157 3172 326 3260 σακκοφόρον
354 3195 522 3260 perperam
551 3174 774 3241 reddiderunt:
809 3173 1014 3264 Philelphus,
1037 3183 1182 3270 scuram

157 3273 299 3340 militem.-
320 3274 481 3355 Erasmus,
492 3275 669 3366 scutfferun
683 3275 825 3355 militem
848 3278 933 3363 quati
953 3281 1032 3346 ellet
1045 3281 1181 3363 campl-

157 3402 214 3467 ςυς,
230 3389 268 3442 ut
281 3375 359 3442 Ald.
374 3387 410 3442 et
421 3376 493 3442 Bas.
510 3394 568 3463 pro
581 3375 688 3441 σάκκον
703 3376 811 3444 vitiose
824 3377 903 3443 dant
916 3379 1027 3446 σᾶκονε
1053 3382 1181 3448 fettirius

156 3482 337 3567 Amyotuss
360 3475 398 3542 ils
406 3476 506 3564 finnt
518 3477 631 3543 mouns
642 3503 685 3543 un
699 3479 751 3567 qui
757 3479 868 3566 fuissit
880 3479 909 3544 lc
921 3483 1058 3568 peniteat
1075 3483 1181 3573 public,

152 3593 277 3673 portant
299 3605 357 3646 une
378 3579 461 3647 baira
482 3603 586 3646 comme
606 3605 647 3646 rm
657 3583 717 3670 sac
727 3582 788 3670 sur
797 3583 842 3670 sa
861 3584 1010 3667 cheir-3
1032 3588 1117 3673 quali
1136 3586 1179 3652 fa·

157 3683 283 3750 naticus
302 3682 526 3771 superstitiosus
545 3682 737 3771 fignificetur
756 3706 796 3750 ex
813 3707 854 3750 eo
868 3708 1000 3774 genere,
1021 3688 1110 3776 quod
1128 3709 1182 3753 oo·

155 3786 326 3875 gnovimus
347 3807 380 3874 p.
397 3786 470 3852 168.
485 3787 539 3852 Dr
564 3808 625 3853 nec
644 3785 748 3853 multo
766 3786 881 3852 melius
904 3789 1073 3857 Ricardus.
1106 3793 1177 3876 ,Me-

153 3888 217 3954 lius
236 3887 290 3954 ulii
309 3887 446 3977 bajulus:
468 3887 659 3954 vocabulum
671 3887 798 3977 posteris
811 3889 916 3978 magis
932 3892 1178 3980 frequentatum,

153 3989 384 4078 antiquioribus
399 3989 566 4078 ἇχθοφίρος.

67 4114 69 4118 ⁴
198 4106 272 4175 239.
281 4088 323 4154 C.
337 4086 410 4174 >sl-J
431 4088 575 4170 Πυλαίαν,
585 4100 624 4154 ut
637 4110 723 4154 nunc
736 4090 780 4155 est
793 4089 901 4172 ledio,
912 4090 1043 4162 ridetur
1055 4094 1179 4162 nomine

153 4191 284 4282 proprio
307 4205 431 4261 certum
452 4193 561 4266 locum
581 4190 717 4282 Pylaeanr
737 4192 861 4262 diceret
883 4195 942 4283 qui
955 4196 1048 4267 locus
1062 4199 1178 4288 Sparte
