2700 4928
183 372 931 475 oonsomn.msronronruu.p.1or.r.
1008 395 1070 470 σῳ

44 574 108 643 ῳ
119 553 239 624 Cicero
251 559 348 625 Tusc.
362 561 390 626 I.
403 579 458 647 34.
473 559 590 648 aliique
609 562 641 627 J.
655 558 779 626 stifio
792 557 895 625 citati.
919 556 1070 645 Diogmss

48 654 180 742 ὓιίαι,
199 659 270 748 eropi
290 662 400 726 burste
414 661 559 749 scripfiffe
571 658 689 727 dicitur
706 658 847 747 Diogeni
867 656 994 723 laertio
1006 658 1068 724 Vl.

49 754 97 821 lo.
124 754 336 841 cao-am
346 759 572 841 Academicus,
586 756 835 826 consolationem
850 757 890 822 nd
904 757 987 822 eires
997 757 1070 823 suos

51 854 325 946 &rhgiuierrses
337 861 466 951 scripsit,
480 860 582 949 petria
594 861 709 940 eversa,
723 861 799 925 teste
809 859 965 926 Cicerone
974 856 1068 924 Tusc.

51 960 106 1026 III.
118 978 172 1030 22.
202 962 371 1048 Cleanthes,
389 967 574 1056 Chrysippus,
591 965 751 1055 Epium,
768 963 931 1050 (bracios,
944 961 985 1026 de
996 963 1068 1027 osli·

52 1056 98 1124 ἀο
114 1060 309 1129 consolantis
328 1078 564 1152 preceperunt,
583 1078 622 1128 ut
641 1076 804 1152 apparete
820 1062 984 1128 Ciceronis
997 1084 1068 1128 ver·

51 1161 95 1229 bis
106 1164 197 1231 lisso.
208 1166 274 1234 111.
285 1188 340 1256 31.
372 1152 529 1258 AEschinos
542 1168 582 1249 is,
596 1167 689 1256 cujus
703 1169 802 1233 exstat
814 1167 972 1256 Dialogus
986 1169 1067 1235 Arn'-

55 1262 145 1333 oebus
155 1266 208 1334 De
219 1269 345 1351 Morte,
359 1271 440 1337 mihi
452 1272 581 1359 quidem
595 1273 662 1358 post
677 1268 866 1335 Crannonem
876 1269 965 1335 fuisse
974 1292 1067 1337 eurn-

56 1388 110 1454 11oe
126 1368 253 1437 secum·
271 1371 409 1439 ridetur.
437 1375 550 1440 Junacs
563 1373 650 1459 apud
663 1373 825 1438 Stobaeum
841 1372 948 1438 Floril.
964 1375 1068 1442 Senn.

58 1467 149 1538 CXX.
171 1471 215 1539 de
240 1475 478 1562 comparatione
506 1476 580 1541 vitm
606 1487 640 1540 et
667 1475 791 1541 mortis.
837 1475 980 1539 Ciceronis
1006 1476 1069 1544 suit

60 1570 227 1642 Consolatio
240 1570 284 1642 sd
298 1576 330 1642 se
343 1576 459 1664 ipsum,
472 1577 633 1665 precipue
646 1598 686 1642 ex
699 1576 853 1643 Crantore
864 1577 976 1643 dnus:
995 1578 1069 1645 sunt

61 1672 189 1761 Epistulae
209 1676 441 1744 Consolatoriae
460 1679 640 1767 complures
663 1678 823 1766 egregie:
854 1678 926 1747 sunt
946 1680 1069 1747 Tuscu·

60 1773 125 1845 ime
147 1780 346 1871 questiones
367 1797 447 1867 opus
471 1781 567 1870 plane
589 1780 744 1859 divinum,
769 1792 874 1847 totum
896 1780 930 1844 in
950 1803 1068 1868 genere

61 1878 253 1946 consolatorio
265 1880 473 1960 censendum,
487 1894 533 1960 et,
546 1893 586 1945 ut
603 1879 695 1944 nobis
714 1878 843 1965 quidem
860 1879 996 1961 videtur,
1009 1880 1068 1946 de·

62 1975 202 2064 scfiptum
222 1980 263 2047 nd
282 1980 437 2046 rationem
456 1980 538 2045 nsaw
551 1984 787 2068 παραμυθητικοῦ
800 2001 820 2042 a
834 1978 997 2044 Posidonio
1009 1980 1069 2046 de·

63 2075 213 2166 sgnum.
247 2081 300 2147 Ad
313 2081 400 2149 idem
415 2104 518 2170 genus
535 2082 700 2149 referimus
717 2093 752 2145 et
773 2080 850 2146 alias
871 2080 1006 2145 aliorum
1028 2082 1068 2147 li·

10 2195 11 2203 ’
63 2177 176 2277 brutum
200 2199 318 2270 partes,
336 2199 374 2250 et
392 2197 478 2250 certe
498 2205 517 2249 e
535 2182 732 2271 philosophis
753 2182 841 2248 libris
860 2181 1070 2250 suaviffimum

10 2306 12 2321 ·
64 2277 134 2349 litus
147 2286 200 2352 De
213 2286 398 2366 Senoslute,
412 2285 444 2352 in
462 2289 530 2373 quo'
549 2286 686 2352 studiosrs
706 2285 957 2361 adolescentibus
975 2308 1070 2352 enar-

10 2406 12 2419 ¹
66 2382 154 2466 nudo,
168 2385 233 2452 boc
246 2401 393 2472 tempore
406 2388 576 2453 versamur.
618 2387 727 2451 Seneca
741 2385 888 2472 frequens
901 2386 945 2451 est
960 2386 993 2451 iu
1007 2387 1070 2454 hoc

10 2483 12 2519 ²
66 2501 254 2572 &gumento3
276 2487 397 2575 quippe
418 2487 532 2575 inquo
554 2489 625 2552 suut
638 2488 807 2574 fingulsres
825 2486 893 2575 ejus
916 2489 1069 2556 Consola-

10 2607 12 2621 ¹
66 2583 148 2653 tiones
168 2589 210 2654 ad
233 2588 395 2670 Helviam,
417 2588 457 2655 ad
483 2590 663 2678 Polybium,
687 2589 727 2653 ad
751 2574 930 2654 Marciam:
961 2613 1069 2656 exem-

10 2696 12 2722 *
65 2686 135 2768 plum
157 2690 373 2756 consolatorie
390 2691 528 2778 epistole
548 2713 623 2756 cum
641 2691 879 2777 reprebensrone
893 2691 1070 2777 conjunslae

10 2790 12 2820 ³
65 2786 110 2876 lp.
123 2793 196 2857 XC.
215 2773 394 2857 admonitio
415 2793 561 2858 adsersus
575 2805 698 2858 metum
719 2792 831 2857 mortis
852 2794 911 2879 Ep.
928 2794 1015 2858 LIV.
1037 2808 1071 2859 et

10 2924 12 2932 >
65 2887 217 2958 LXXVII.
253 2891 336 2957 Dion
352 2891 558 2980 chrysostomus
573 2892 630 2958 Or.
645 2894 737 2958 XVI.
752 2894 819 2978 περὶ
833 2895 936 2971 minin:
960 2895 1069 2959 XXX.

65 2988 91 3056 de
105 3009 208 3060 morte
223 2993 421 3060 Charidemi.
449 2993 611 3079 Aristides,'
627 2995 686 3059 Or.
702 2995 762 3058 XI.
785 2994 819 3060 in
839 2995 950 3059 funere
969 2996 1069 3061 Eteo-

64 3092 122 3175 nici,
133 3110 169 3162 et
182 3097 264 3160 ΧΠ.
277 3096 318 3160 de
331 3095 424 3160 obitu
438 3094 611 3160 Alexandri
630 3095 825 3183 Cotyasnlis.
871 3095 982 3160 Galerii
1002 3102 1071 3187 orgi

62 3196 231 3284 οφιμθίας
251 3197 333 3265 liber
354 3199 529 3286 singularis,
553 3214 749 3264 memoratus
770 3202 810 3265 ab
833 3201 900 3286 ipso
922 3203 974 3267 De
998 3205 1071 3270 Suis

62 3294 149 3364 lrbris
163 3298 248 3386 Cap.
261 3300 356 3364 XIII.
369 3300 409 3363 Τ.
425 3300 453 3363 I.
469 3322 502 3387 p.
512 3316 567 3383 47.
583 3303 620 3364 E.
637 3323 723 3365 nunc
735 3301 890 3388 perditus.
919 3302 980 3368 Dio
996 3305 1070 3393 Cos·

55 3396 103 3477 sm
118 3400 249 3490 iniquus
267 3400 416 3465 Ciceroni
437 3401 514 3466 facit
529 3401 754 3488 philosophum
772 3404 802 3466 ei
824 3405 1072 3474 consolationem

62 3499 128 3566 uilii
152 3501 362 3566 adhibentem
385 3502 579 3568 XXXVIII.
607 3504 657 3566 18.
693 3505 734 3567 Et
758 3502 892 3567 Stobaeus
913 3505 1073 3596 Florilegii

62 3618 197 3691 mgnum
218 3617 344 3690 partem
365 3625 385 3667 n
404 3603 513 3668 Iitulo
527 3602 648 3668 XCVI.
671 3603 712 3668 ad
730 3604 886 3669 CXXIII.
907 3608 940 3672 in
960 3612 1072 3675 conso·
1093 3662 1096 3668 .

61 3696 159 3768 btorio
181 3716 375 3790 argumento
395 3702 564 3768 consumit.
602 3704 674 3768 Nec
695 3726 888 3792 quemquam
911 3708 1074 3795 fugitant

61 3798 165 3868 lossii
188 3802 375 3869 Consolatio
401 3803 624 3892 Philosophia,
653 3818 710 3869 aut
738 3806 862 3870 Pedonis
889 3806 1076 3874 Albinovoni

61 3902 160 3995 Eleg'n
171 3906 215 3972 ad
229 3905 363 3972 Livium.
393 3906 554 3971 Caeterum
575 3905 735 3970 infinitum
754 3909 796 3973 est
810 3909 916 3972 omnia
930 3909 1073 3995 ScrIpto-

61 4025 121 4073 mm
141 4009 200 4074 fire
217 4007 339 4094 ligone,
361 4007 419 4071 five
440 4006 551 4071 solutae
572 4007 737 4088 orationis,
754 4009 984 4087 historicomm,
1000 4008 1074 4073 rbe-

61 4117 166 4191 torunr,
187 4109 407 4197 sophistarum,
429 4109 629 4174 consolatorii
650 4111 831 4197 argumenti
856 4110 970 4195 scripta
991 4131 1073 4187 enu-

62 4226 189 4292 merare3
212 4207 336 4297 etquis
348 4208 490 4274 latissime
509 4222 599 4295 patet
612 4224 852 4297 argumentum,
866 4209 986 4295 etquis
1000 4213 1074 4277 nul·

63 4304 384 4399 lrciremnscriptum
400 4312 443 4378 est
456 4313 551 4378 certis
570 4313 726 4394 terminis,
742 4312 794 4379 sod
809 4334 867 4400 per
884 4332 1013 4380 omnem
1027 4316 1080 4380 νίν
