<?xml version="1.0" encoding="UTF-8"?>
<!DOCTYPE html PUBLIC "-//W3C//DTD XHTML 1.0 Transitional//EN"
    "http://www.w3.org/TR/xhtml1/DTD/xhtml1-transitional.dtd">
<html xmlns="http://www.w3.org/1999/xhtml" xml:lang="en" lang="en">
 <head>
  <title>
</title>
<meta http-equiv="Content-Type" content="text/html;charset=utf-8" />
  <meta name='ocr-system' content='tesseract 3.04.00' />
  <meta name='ocr-capabilities' content='ocr_page ocr_carea ocr_par ocr_line ocrx_word'/>
</head>
<body>
  <div class='ocr_page' id='page_1' title='image "./plutarchichaero28plutgoog/plutarchichaero28plutgoog_0544.png"; bbox 0 0 2700 4928; ppageno 0'>
   <div class='ocr_carea' id='block_1_1' title="bbox 282 337 1191 421">
    <p class='ocr_par' dir='ltr' id='par_1_1' title="bbox 282 337 1191 421">
     <span class='ocr_line' id='line_1_1' title="bbox 282 337 1191 421; baseline 0.004 -23"><span class='ocrx_word' id='word_1_1' title='bbox 282 337 483 401; x_wconf 81' lang='lat' dir='ltr'><strong>APOPHTH.</strong></span> <span class='ocrx_word' id='word_1_2' title='bbox 498 340 588 401; x_wconf 79' lang='lat' dir='ltr'><strong>REG.</strong></span> <span class='ocrx_word' id='word_1_3' title='bbox 602 342 654 402; x_wconf 87' lang='lat' dir='ltr'>ET</span> <span class='ocrx_word' id='word_1_4' title='bbox 667 342 763 404; x_wconf 85' lang='lat' dir='ltr'><strong>DUC.</strong></span> <span class='ocrx_word' id='word_1_5' title='bbox 783 342 1066 421; x_wconf 75' lang='lat' dir='ltr'><strong>p.194.F-196.B.</strong></span> <span class='ocrx_word' id='word_1_6' title='bbox 1115 352 1191 402; x_wconf 74' lang='lat'><strong>1115</strong></span> 
     </span>
    </p>
   </div>
   <div class='ocr_carea' id='block_1_2' title="bbox 154 497 1196 903">
    <p class='ocr_par' dir='ltr' id='par_1_2' title="bbox 154 497 1196 903">
     <span class='ocr_line' id='line_1_2' title="bbox 155 497 1193 596; baseline 0.005 -32"><span class='ocrx_word' id='word_1_7' title='bbox 155 497 261 586; x_wconf 71' lang='lat' dir='ltr'>atligi</span> <span class='ocrx_word' id='word_1_8' title='bbox 276 501 369 568; x_wconf 81' lang='lat' dir='ltr'>civem</span> <span class='ocrx_word' id='word_1_9' title='bbox 383 511 408 544; x_wconf 88' lang='lat'>“</span> <span class='ocrx_word' id='word_1_10' title='bbox 421 505 468 569; x_wconf 86' lang='lat' dir='ltr'>cui</span> <span class='ocrx_word' id='word_1_11' title='bbox 478 507 591 594; x_wconf 76' lang='lat' dir='ltr'>fiptem</span> <span class='ocrx_word' id='word_1_12' title='bbox 602 508 717 596; x_wconf 84' lang='lat' dir='ltr'>jugera</span> <span class='ocrx_word' id='word_1_13' title='bbox 731 531 788 571; x_wconf 84' lang='lat' dir='ltr'>non</span> <span class='ocrx_word' id='word_1_14' title='bbox 802 506 888 593; x_wconf 69' lang='lat' dir='ltr'>effen!</span> <span class='ocrx_word' id='word_1_15' title='bbox 895 505 1012 592; x_wconf 83' lang='lat' dir='ltr'>satis.&#39;’</span> <span class='ocrx_word' id='word_1_16' title='bbox 1044 506 1121 570; x_wconf 81' lang='lat' dir='ltr'>Haec</span> <span class='ocrx_word' id='word_1_17' title='bbox 1134 529 1193 570; x_wconf 83' lang='lat' dir='ltr'>aa·</span> 
     </span>
     <span class='ocr_line' id='line_1_3' title="bbox 157 605 1196 696; baseline 0.01 -33"><span class='ocrx_word' id='word_1_18' title='bbox 157 612 218 665; x_wconf 73' lang='lat' dir='ltr'>tem</span> <span class='ocrx_word' id='word_1_19' title='bbox 231 605 367 691; x_wconf 84' lang='lat' dir='ltr'>mensura</span> <span class='ocrx_word' id='word_1_20' title='bbox 383 605 464 694; x_wconf 79' lang='lat' dir='ltr'>plebi</span> <span class='ocrx_word' id='word_1_21' title='bbox 477 607 541 696; x_wconf 85' lang='lat' dir='ltr'>post</span> <span class='ocrx_word' id='word_1_22' title='bbox 553 617 667 673; x_wconf 70' lang='lat' dir='ltr'>exotius</span> <span class='ocrx_word' id='word_1_23' title='bbox 681 632 763 696; x_wconf 78' lang='lat' dir='ltr'>reges</span> <span class='ocrx_word' id='word_1_24' title='bbox 778 607 928 696; x_wconf 75' lang='lat' dir='ltr'>qffignala</span> <span class='ocrx_word' id='word_1_25' title='bbox 942 607 989 694; x_wconf 75' lang='lat' dir='ltr'>est.</span> <span class='ocrx_word' id='word_1_26' title='bbox 1014 607 1196 673; x_wconf 76' lang='lat' dir='ltr'>Columella</span> 
     </span>
     <span class='ocr_line' id='line_1_4' title="bbox 155 698 1193 805; baseline 0.004 -37"><span class='ocrx_word' id='word_1_27' title='bbox 155 698 189 768; x_wconf 92' lang='grc' dir='ltr'><strong>Ῐ.</strong></span> <span class='ocrx_word' id='word_1_28' title='bbox 204 723 239 790; x_wconf 94' lang='grc'><strong>3.</strong></span> <span class='ocrx_word' id='word_1_29' title='bbox 257 724 308 770; x_wconf 91' lang='grc' dir='ltr'>1ο.</span> <span class='ocrx_word' id='word_1_30' title='bbox 342 708 489 805; x_wconf 63' lang='lat' dir='ltr'>Valerius</span> <span class='ocrx_word' id='word_1_31' title='bbox 503 711 594 775; x_wconf 86' lang='lat' dir='ltr'><strong>Max.</strong></span> <span class='ocrx_word' id='word_1_32' title='bbox 609 711 668 775; x_wconf 94' lang='lat' dir='ltr'>IV.</span> <span class='ocrx_word' id='word_1_33' title='bbox 682 730 715 795; x_wconf 83' lang='lat'>3.</span> <span class='ocrx_word' id='word_1_34' title='bbox 731 730 764 794; x_wconf 84' lang='lat'>5.</span> <span class='ocrx_word' id='word_1_35' title='bbox 795 708 964 774; x_wconf 83' lang='lat' dir='ltr'>Frontinus</span> <span class='ocrx_word' id='word_1_36' title='bbox 980 711 1119 796; x_wconf 85' lang='lat' dir='ltr'>Strateg.</span> <span class='ocrx_word' id='word_1_37' title='bbox 1135 709 1193 774; x_wconf 94' lang='lat' dir='ltr'>IV.</span> 
     </span>
     <span class='ocr_line' id='line_1_5' title="bbox 154 801 1129 903; baseline 0.004 -33"><span class='ocrx_word' id='word_1_38' title='bbox 154 825 193 903; x_wconf 86' lang='grc'><strong>3.</strong></span> <span class='ocrx_word' id='word_1_39' title='bbox 209 825 260 873; x_wconf 88' lang='lat'>12.</span> <span class='ocrx_word' id='word_1_40' title='bbox 289 801 441 874; x_wconf 78' lang='lat' dir='ltr'>Aurelius</span> <span class='ocrx_word' id='word_1_41' title='bbox 456 811 579 877; x_wconf 68' lang='lat' dir='ltr'>vietor.</span> <span class='ocrx_word' id='word_1_42' title='bbox 595 813 647 876; x_wconf 89' lang='lat' dir='ltr'>Dc</span> <span class='ocrx_word' id='word_1_43' title='bbox 660 811 745 876; x_wconf 88' lang='lat' dir='ltr'>Viris</span> <span class='ocrx_word' id='word_1_44' title='bbox 760 811 907 877; x_wconf 83' lang='lat' dir='ltr'>illustrib.</span> <span class='ocrx_word' id='word_1_45' title='bbox 923 812 1085 876; x_wconf 90' lang='lat' dir='ltr'><strong>XXXIII.</strong></span> <span class='ocrx_word' id='word_1_46' title='bbox 1096 829 1129 895; x_wconf 88' lang='lat'>5.</span> 
     </span>
    </p>
   </div>
   <div class='ocr_carea' id='block_1_3' title="bbox 108 912 1218 2529">
    <p class='ocr_par' dir='ltr' id='par_1_3' title="bbox 156 912 1218 1306">
     <span class='ocr_line' id='line_1_6' title="bbox 206 912 1195 1001; baseline 0.005 -27"><span class='ocrx_word' id='word_1_47' title='bbox 206 929 279 997; x_wconf 90' lang='lat'>194.</span> <span class='ocrx_word' id='word_1_48' title='bbox 293 914 327 976; x_wconf 91' lang='lat' dir='ltr'>F.</span> <span class='ocrx_word' id='word_1_49' title='bbox 349 913 405 999; x_wconf 74' lang='grc' dir='ltr'><strong>β’.]</strong></span> <span class='ocrx_word' id='word_1_50' title='bbox 434 913 620 981; x_wconf 81' lang='lat' dir='ltr'>Plutarchus</span> <span class='ocrx_word' id='word_1_51' title='bbox 637 915 762 980; x_wconf 89' lang='lat' dir='ltr'>Catone</span> <span class='ocrx_word' id='word_1_52' title='bbox 776 913 859 1001; x_wconf 85' lang='lat' dir='ltr'><strong>Maj.</strong></span> <span class='ocrx_word' id='word_1_53' title='bbox 873 936 906 1001; x_wconf 91' lang='lat' dir='ltr'>p.</span> <span class='ocrx_word' id='word_1_54' title='bbox 917 932 993 1000; x_wconf 85' lang='lat'><strong>337.</strong></span> <span class='ocrx_word' id='word_1_55' title='bbox 1007 912 1052 980; x_wconf 83' lang='lat' dir='ltr'>A.</span> <span class='ocrx_word' id='word_1_56' title='bbox 1079 913 1195 979; x_wconf 84' lang='lat' dir='ltr'>Cicero</span> 
     </span>
     <span class='ocr_line' id='line_1_7' title="bbox 158 1010 1218 1096; baseline 0.005 -21"><span class='ocrx_word' id='word_1_57' title='bbox 158 1010 229 1076; x_wconf 85' lang='lat' dir='ltr'><strong>Off.</strong></span> <span class='ocrx_word' id='word_1_58' title='bbox 245 1012 291 1076; x_wconf 92' lang='lat' dir='ltr'>II.</span> <span class='ocrx_word' id='word_1_59' title='bbox 307 1031 360 1081; x_wconf 97' lang='grc'>21.</span> <span class='ocrx_word' id='word_1_60' title='bbox 375 1016 427 1080; x_wconf 91' lang='lat' dir='ltr'>De</span> <span class='ocrx_word' id='word_1_61' title='bbox 442 1016 568 1081; x_wconf 77' lang='lat' dir='ltr'>Sene8t.</span> <span class='ocrx_word' id='word_1_62' title='bbox 587 1036 638 1084; x_wconf 85' lang='lat'>12.</span> <span class='ocrx_word' id='word_1_63' title='bbox 666 1015 784 1082; x_wconf 88' lang='lat' dir='ltr'>Plinius</span> <span class='ocrx_word' id='word_1_64' title='bbox 797 1016 878 1081; x_wconf 87' lang='lat' dir='ltr'><strong>Hist.</strong></span> <span class='ocrx_word' id='word_1_65' title='bbox 894 1017 973 1080; x_wconf 86' lang='lat' dir='ltr'><strong>Nat.</strong></span> <span class='ocrx_word' id='word_1_66' title='bbox 985 1015 1080 1080; x_wconf 87' lang='lat' dir='ltr'><strong>XIX.</strong></span> <span class='ocrx_word' id='word_1_67' title='bbox 1097 1015 1149 1082; x_wconf 84' lang='lat'>26.</span> <span class='ocrx_word' id='word_1_68' title='bbox 1160 1035 1194 1096; x_wconf 91' lang='lat'>4.</span> <span class='ocrx_word' id='word_1_69' title='bbox 1214 1018 1218 1025; x_wconf 89' lang='lat'>&#39;</span> 
     </span>
     <span class='ocr_line' id='line_1_8' title="bbox 158 1112 1194 1205; baseline 0.002 -26"><span class='ocrx_word' id='word_1_70' title='bbox 158 1112 310 1180; x_wconf 82' lang='lat' dir='ltr'>Valerius</span> <span class='ocrx_word' id='word_1_71' title='bbox 331 1117 422 1180; x_wconf 85' lang='lat' dir='ltr'><strong>Max.</strong></span> <span class='ocrx_word' id='word_1_72' title='bbox 445 1119 503 1182; x_wconf 96' lang='lat' dir='ltr'>IV.</span> <span class='ocrx_word' id='word_1_73' title='bbox 517 1137 550 1202; x_wconf 88' lang='grc'><strong>3.</strong></span> <span class='ocrx_word' id='word_1_74' title='bbox 566 1137 599 1204; x_wconf 95' lang='grc'><strong>5.</strong></span> <span class='ocrx_word' id='word_1_75' title='bbox 637 1116 827 1197; x_wconf 86' lang='lat' dir='ltr'>Athenaeus,</span> <span class='ocrx_word' id='word_1_76' title='bbox 846 1140 885 1183; x_wconf 88' lang='lat' dir='ltr'>ex</span> <span class='ocrx_word' id='word_1_77' title='bbox 904 1117 1066 1205; x_wconf 87' lang='lat' dir='ltr'>Megacle,</span> <span class='ocrx_word' id='word_1_78' title='bbox 1094 1119 1138 1182; x_wconf 93' lang='lat' dir='ltr'>X.</span> <span class='ocrx_word' id='word_1_79' title='bbox 1161 1139 1194 1205; x_wconf 88' lang='lat' dir='ltr'>p.</span> 
     </span>
     <span class='ocr_line' id='line_1_9' title="bbox 156 1218 1015 1306; baseline 0.006 -27"><span class='ocrx_word' id='word_1_80' title='bbox 156 1234 238 1302; x_wconf 87' lang='lat'><strong>419.</strong></span> <span class='ocrx_word' id='word_1_81' title='bbox 254 1218 297 1281; x_wconf 88' lang='lat' dir='ltr'><strong>A.</strong></span> <span class='ocrx_word' id='word_1_82' title='bbox 326 1219 373 1283; x_wconf 86' lang='lat' dir='ltr'>At</span> <span class='ocrx_word' id='word_1_83' title='bbox 389 1219 532 1285; x_wconf 85' lang='lat' dir='ltr'>Fabricio</span> <span class='ocrx_word' id='word_1_84' title='bbox 548 1220 659 1286; x_wconf 82' lang='lat' dir='ltr'>tribuit</span> <span class='ocrx_word' id='word_1_85' title='bbox 674 1220 844 1285; x_wconf 89' lang='lat' dir='ltr'>Frontinus</span> <span class='ocrx_word' id='word_1_86' title='bbox 861 1222 920 1285; x_wconf 89' lang='lat' dir='ltr'><strong>lv.</strong></span> <span class='ocrx_word' id='word_1_87' title='bbox 934 1242 966 1306; x_wconf 85' lang='lat'>3.</span> <span class='ocrx_word' id='word_1_88' title='bbox 984 1239 1015 1286; x_wconf 85' lang='lat'>2.</span> 
     </span>
    </p>

    <p class='ocr_par' dir='ltr' id='par_1_4' title="bbox 160 1318 1197 1508">
     <span class='ocr_line' id='line_1_10' title="bbox 207 1318 1197 1410; baseline 0.003 -29"><span class='ocrx_word' id='word_1_89' title='bbox 207 1336 280 1405; x_wconf 93' lang='lat'><strong>194.</strong></span> <span class='ocrx_word' id='word_1_90' title='bbox 295 1322 330 1384; x_wconf 87' lang='lat' dir='ltr'><strong>F.</strong></span> <span class='ocrx_word' id='word_1_91' title='bbox 359 1325 485 1386; x_wconf 76' lang='lat' dir='ltr'>rator</span> <span class='ocrx_word' id='word_1_92' title='bbox 504 1325 755 1406; x_wconf 59' lang='lat' dir='ltr'>susumus]</span> <span class='ocrx_word' id='word_1_93' title='bbox 790 1323 872 1387; x_wconf 86' lang='lat' dir='ltr'>Haec</span> <span class='ocrx_word' id='word_1_94' title='bbox 896 1321 1048 1410; x_wconf 84' lang='lat' dir='ltr'>deinceps</span> <span class='ocrx_word' id='word_1_95' title='bbox 1065 1342 1105 1386; x_wconf 85' lang='lat' dir='ltr'>cx</span> <span class='ocrx_word' id='word_1_96' title='bbox 1118 1318 1197 1388; x_wconf 75' lang='lat' dir='ltr'>Vita</span> 
     </span>
     <span class='ocr_line' id='line_1_11' title="bbox 160 1418 535 1508; baseline 0.013 -26"><span class='ocrx_word' id='word_1_97' title='bbox 160 1418 275 1508; x_wconf 82' lang='lat' dir='ltr'>Pyrrhi</span> <span class='ocrx_word' id='word_1_98' title='bbox 291 1420 436 1487; x_wconf 75' lang='lat' dir='ltr'>desumto</span> <span class='ocrx_word' id='word_1_99' title='bbox 451 1424 535 1488; x_wconf 90' lang='lat' dir='ltr'>sunt.</span> 
     </span>
    </p>

    <p class='ocr_par' dir='ltr' id='par_1_5' title="bbox 207 1521 888 1612">
     <span class='ocr_line' id='line_1_12' title="bbox 207 1521 888 1612; baseline 0.001 -27"><span class='ocrx_word' id='word_1_100' title='bbox 207 1540 281 1608; x_wconf 89' lang='lat'><strong>194.</strong></span> <span class='ocrx_word' id='word_1_101' title='bbox 295 1524 330 1587; x_wconf 91' lang='lat' dir='ltr'>F.</span> <span class='ocrx_word' id='word_1_102' title='bbox 354 1521 412 1608; x_wconf 83' lang='lat' dir='ltr'><strong>a‘.]·</strong></span> <span class='ocrx_word' id='word_1_103' title='bbox 435 1525 473 1588; x_wconf 92' lang='lat' dir='ltr'>In</span> <span class='ocrx_word' id='word_1_104' title='bbox 489 1524 565 1590; x_wconf 86' lang='lat' dir='ltr'>Vita</span> <span class='ocrx_word' id='word_1_105' title='bbox 581 1524 694 1612; x_wconf 89' lang='lat' dir='ltr'>Pyrrhi</span> <span class='ocrx_word' id='word_1_106' title='bbox 709 1547 741 1610; x_wconf 94' lang='lat' dir='ltr'><strong>p.</strong></span> <span class='ocrx_word' id='word_1_107' title='bbox 753 1523 829 1609; x_wconf 82' lang='lat'><strong>398.</strong></span> <span class='ocrx_word' id='word_1_108' title='bbox 844 1523 888 1587; x_wconf 90' lang='lat' dir='ltr'><strong>A.</strong></span> 
     </span>
    </p>

    <p class='ocr_par' dir='ltr' id='par_1_6' title="bbox 208 1625 784 1714">
     <span class='ocr_line' id='line_1_13' title="bbox 208 1625 784 1714; baseline 0.005 -28"><span class='ocrx_word' id='word_1_109' title='bbox 208 1643 281 1709; x_wconf 92' lang='grc'><strong>194.</strong></span> <span class='ocrx_word' id='word_1_110' title='bbox 298 1627 333 1693; x_wconf 88' lang='lat' dir='ltr'>F.</span> <span class='ocrx_word' id='word_1_111' title='bbox 356 1627 411 1711; x_wconf 85' lang='grc' dir='ltr'><strong>β’.]</strong></span> <span class='ocrx_word' id='word_1_112' title='bbox 441 1625 587 1691; x_wconf 91' lang='lat' dir='ltr'>Indidem</span> <span class='ocrx_word' id='word_1_113' title='bbox 603 1650 636 1714; x_wconf 94' lang='lat' dir='ltr'><strong>p.</strong></span> <span class='ocrx_word' id='word_1_114' title='bbox 651 1642 728 1713; x_wconf 88' lang='grc'><strong>395.</strong></span> <span class='ocrx_word' id='word_1_115' title='bbox 744 1627 784 1689; x_wconf 91' lang='grc' dir='ltr'><strong>Ε.</strong></span> 
     </span>
    </p>

    <p class='ocr_par' dir='ltr' id='par_1_7' title="bbox 108 1726 834 1815">
     <span class='ocr_line' id='line_1_14' title="bbox 108 1726 834 1815; baseline 0.001 -26"><span class='ocrx_word' id='word_1_116' title='bbox 108 1736 110 1741; x_wconf 85' lang='grc'><strong>’</strong></span> <span class='ocrx_word' id='word_1_117' title='bbox 203 1747 239 1812; x_wconf 93' lang='lat' dir='ltr'>p.</span> <span class='ocrx_word' id='word_1_118' title='bbox 256 1744 328 1813; x_wconf 87' lang='lat'><strong>195.</strong></span> <span class='ocrx_word' id='word_1_119' title='bbox 344 1728 387 1791; x_wconf 85' lang='grc' dir='ltr'><strong>Α.</strong></span> <span class='ocrx_word' id='word_1_120' title='bbox 411 1726 465 1813; x_wconf 81' lang='grc' dir='ltr'><strong>γ’.]</strong></span> <span class='ocrx_word' id='word_1_121' title='bbox 494 1727 639 1792; x_wconf 88' lang='lat' dir='ltr'>Indidem</span> <span class='ocrx_word' id='word_1_122' title='bbox 657 1751 689 1815; x_wconf 90' lang='lat' dir='ltr'><strong>p.</strong></span> <span class='ocrx_word' id='word_1_123' title='bbox 700 1730 776 1814; x_wconf 85' lang='lat'><strong>396.</strong></span> <span class='ocrx_word' id='word_1_124' title='bbox 791 1728 834 1791; x_wconf 83' lang='lat' dir='ltr'>A.</span> 
     </span>
    </p>

    <p class='ocr_par' dir='ltr' id='par_1_8' title="bbox 157 1829 1196 2019">
     <span class='ocr_line' id='line_1_15' title="bbox 208 1829 1196 1919; baseline 0.004 -26"><span class='ocrx_word' id='word_1_125' title='bbox 208 1831 339 1919; x_wconf 84' lang='grc' dir='ltr'><strong>195.Α.</strong></span> <span class='ocrx_word' id='word_1_126' title='bbox 362 1830 412 1913; x_wconf 69' lang='grc'><strong>6.]</strong></span> <span class='ocrx_word' id='word_1_127' title='bbox 445 1830 590 1896; x_wconf 88' lang='lat' dir='ltr'>Indidem</span> <span class='ocrx_word' id='word_1_128' title='bbox 615 1853 648 1917; x_wconf 92' lang='lat' dir='ltr'><strong>p.</strong></span> <span class='ocrx_word' id='word_1_129' title='bbox 673 1833 749 1918; x_wconf 83' lang='lat'><strong>396.</strong></span> <span class='ocrx_word' id='word_1_130' title='bbox 772 1832 811 1894; x_wconf 84' lang='lat' dir='ltr'>B.</span> <span class='ocrx_word' id='word_1_131' title='bbox 849 1829 995 1896; x_wconf 88' lang='lat' dir='ltr'>Valerius</span> <span class='ocrx_word' id='word_1_132' title='bbox 1023 1831 1113 1896; x_wconf 82' lang='lat' dir='ltr'><strong>Max.</strong></span> <span class='ocrx_word' id='word_1_133' title='bbox 1135 1833 1196 1897; x_wconf 93' lang='lat' dir='ltr'>VI.</span> 
     </span>
     <span class='ocr_line' id='line_1_16' title="bbox 157 1922 899 2019; baseline 0.001 -23"><span class='ocrx_word' id='word_1_134' title='bbox 157 1922 194 2019; x_wconf 80' lang='grc'><strong>5.</strong></span> <span class='ocrx_word' id='word_1_135' title='bbox 214 1952 244 1996; x_wconf 95' lang='grc'>1.</span> <span class='ocrx_word' id='word_1_136' title='bbox 275 1932 399 1998; x_wconf 89' lang='lat' dir='ltr'>Gellius</span> <span class='ocrx_word' id='word_1_137' title='bbox 417 1935 478 1997; x_wconf 96' lang='lat' dir='ltr'><strong>III.</strong></span> <span class='ocrx_word' id='word_1_138' title='bbox 496 1935 526 1997; x_wconf 92' lang='lat'><strong>8.</strong></span> <span class='ocrx_word' id='word_1_139' title='bbox 557 1933 727 1998; x_wconf 83' lang='lat' dir='ltr'>Frontinus</span> <span class='ocrx_word' id='word_1_140' title='bbox 744 1933 803 1998; x_wconf 97' lang='lat' dir='ltr'>IV.</span> <span class='ocrx_word' id='word_1_141' title='bbox 818 1951 852 2014; x_wconf 91' lang='lat'><strong>4.</strong></span> <span class='ocrx_word' id='word_1_142' title='bbox 869 1950 899 2001; x_wconf 83' lang='lat'>2.</span> 
     </span>
    </p>

    <p class='ocr_par' dir='ltr' id='par_1_9' title="bbox 207 2037 1000 2130">
     <span class='ocr_line' id='line_1_17' title="bbox 207 2037 1000 2130; baseline 0.001 -30"><span class='ocrx_word' id='word_1_143' title='bbox 207 2052 280 2122; x_wconf 90' lang='grc'><strong>195.</strong></span> <span class='ocrx_word' id='word_1_144' title='bbox 297 2038 335 2101; x_wconf 90' lang='lat' dir='ltr'>B.</span> <span class='ocrx_word' id='word_1_145' title='bbox 359 2037 406 2123; x_wconf 79' lang='lat' dir='ltr'><strong>e&#39;.]</strong></span> <span class='ocrx_word' id='word_1_146' title='bbox 434 2037 580 2102; x_wconf 88' lang='lat' dir='ltr'>Indidem</span> <span class='ocrx_word' id='word_1_147' title='bbox 597 2059 629 2123; x_wconf 93' lang='lat' dir='ltr'><strong>p.</strong></span> <span class='ocrx_word' id='word_1_148' title='bbox 643 2039 718 2126; x_wconf 82' lang='lat'><strong>396.</strong></span> <span class='ocrx_word' id='word_1_149' title='bbox 733 2038 779 2101; x_wconf 94' lang='lat' dir='ltr'><strong>D.</strong></span> <span class='ocrx_word' id='word_1_150' title='bbox 989 2106 1000 2130; x_wconf 75' lang='lat'>,</span> 
     </span>
    </p>

    <p class='ocr_par' dir='ltr' id='par_1_10' title="bbox 158 2137 1197 2326">
     <span class='ocr_line' id='line_1_18' title="bbox 208 2137 1197 2224; baseline 0.003 -24"><span class='ocrx_word' id='word_1_151' title='bbox 208 2157 281 2224; x_wconf 91' lang='grc'><strong>195.</strong></span> <span class='ocrx_word' id='word_1_152' title='bbox 300 2138 339 2203; x_wconf 88' lang='lat' dir='ltr'><strong>C.</strong></span> <span class='ocrx_word' id='word_1_153' title='bbox 362 2143 517 2203; x_wconf 63' lang='lat' dir='ltr'>‹InIBIOu&#39;</span> <span class='ocrx_word' id='word_1_154' title='bbox 538 2141 749 2208; x_wconf 64' lang='lat' dir='ltr'><strong>MIEIMOV.</strong></span> <span class='ocrx_word' id='word_1_155' title='bbox 772 2138 826 2223; x_wconf 82' lang='lat' dir='ltr'><strong>a&#39;.]</strong></span> <span class='ocrx_word' id='word_1_156' title='bbox 855 2141 904 2204; x_wconf 82' lang='lat' dir='ltr'>Ex</span> <span class='ocrx_word' id='word_1_157' title='bbox 922 2137 999 2207; x_wconf 90' lang='lat' dir='ltr'>Vita</span> <span class='ocrx_word' id='word_1_158' title='bbox 1018 2138 1106 2205; x_wconf 90' lang='lat' dir='ltr'>Fabii</span> <span class='ocrx_word' id='word_1_159' title='bbox 1119 2138 1197 2203; x_wconf 82' lang='lat' dir='ltr'>Ma·</span> 
     </span>
     <span class='ocr_line' id='line_1_19' title="bbox 158 2238 489 2326; baseline -0.006 -21"><span class='ocrx_word' id='word_1_160' title='bbox 158 2238 240 2305; x_wconf 83' lang='lat' dir='ltr'>ximi</span> <span class='ocrx_word' id='word_1_161' title='bbox 255 2262 288 2326; x_wconf 93' lang='lat' dir='ltr'>p.</span> <span class='ocrx_word' id='word_1_162' title='bbox 306 2257 376 2325; x_wconf 87' lang='lat'><strong>177.</strong></span> <span class='ocrx_word' id='word_1_163' title='bbox 392 2241 435 2319; x_wconf 87' lang='lat' dir='ltr'>A,</span> <span class='ocrx_word' id='word_1_164' title='bbox 451 2242 489 2303; x_wconf 93' lang='lat' dir='ltr'>B.</span> 
     </span>
    </p>

    <p class='ocr_par' dir='ltr' id='par_1_11' title="bbox 159 2340 1197 2529">
     <span class='ocr_line' id='line_1_20' title="bbox 209 2340 1197 2428; baseline 0.002 -24"><span class='ocrx_word' id='word_1_165' title='bbox 209 2355 283 2425; x_wconf 86' lang='lat'><strong>195.</strong></span> <span class='ocrx_word' id='word_1_166' title='bbox 300 2341 339 2405; x_wconf 89' lang='lat' dir='ltr'>C.</span> <span class='ocrx_word' id='word_1_167' title='bbox 361 2341 418 2426; x_wconf 63' lang='grc'><strong>6.]</strong></span> <span class='ocrx_word' id='word_1_168' title='bbox 444 2341 588 2407; x_wconf 91' lang='lat' dir='ltr'>Indidem</span> <span class='ocrx_word' id='word_1_169' title='bbox 612 2364 645 2428; x_wconf 94' lang='lat' dir='ltr'>p.</span> <span class='ocrx_word' id='word_1_170' title='bbox 670 2360 741 2428; x_wconf 88' lang='lat'><strong>179.</strong></span> <span class='ocrx_word' id='word_1_171' title='bbox 760 2342 805 2422; x_wconf 84' lang='lat' dir='ltr'>A,</span> <span class='ocrx_word' id='word_1_172' title='bbox 822 2342 860 2406; x_wconf 93' lang='lat' dir='ltr'>B.</span> <span class='ocrx_word' id='word_1_173' title='bbox 882 2340 937 2428; x_wconf 91' lang='lat' dir='ltr'>qui</span> <span class='ocrx_word' id='word_1_174' title='bbox 958 2340 1049 2407; x_wconf 87' lang='lat' dir='ltr'>locus</span> <span class='ocrx_word' id='word_1_175' title='bbox 1070 2363 1109 2406; x_wconf 86' lang='lat' dir='ltr'>ex</span> <span class='ocrx_word' id='word_1_176' title='bbox 1132 2340 1197 2406; x_wconf 94' lang='lat' dir='ltr'>hoc</span> 
     </span>
     <span class='ocr_line' id='line_1_21' title="bbox 159 2441 1197 2529; baseline 0 -21"><span class='ocrx_word' id='word_1_177' title='bbox 159 2441 358 2529; x_wconf 85' lang='lat' dir='ltr'>supplendus</span> <span class='ocrx_word' id='word_1_178' title='bbox 376 2445 419 2508; x_wconf 86' lang='lat' dir='ltr'>est</span> <span class='ocrx_word' id='word_1_179' title='bbox 437 2443 470 2508; x_wconf 89' lang='lat' dir='ltr'>in</span> <span class='ocrx_word' id='word_1_180' title='bbox 484 2442 571 2509; x_wconf 61' lang='lat' dir='ltr'>ditio</span> <span class='ocrx_word' id='word_1_181' title='bbox 585 2444 673 2509; x_wconf 88' lang='lat' dir='ltr'>Fabii</span> <span class='ocrx_word' id='word_1_182' title='bbox 688 2443 791 2527; x_wconf 78' lang='grc' dir='ltr'><em>-ἔφη,</em></span> <span class='ocrx_word' id='word_1_183' title='bbox 813 2448 924 2527; x_wconf 72' lang='grc' dir='ltr'>μᾶλλον</span> <span class='ocrx_word' id='word_1_184' title='bbox 943 2449 992 2508; x_wconf 81' lang='grc' dir='ltr'>τοῦ</span> <span class='ocrx_word' id='word_1_185' title='bbox 1005 2443 1132 2507; x_wconf 71' lang='lat' dir='ltr'>Musula</span> <span class='ocrx_word' id='word_1_186' title='bbox 1146 2462 1197 2525; x_wconf 76' lang='lat'>90-</span> 
     </span>
    </p>
   </div>
   <div class='ocr_carea' id='block_1_4' title="bbox 158 2542 1312 2633">
    <p class='ocr_par' dir='ltr' id='par_1_12' title="bbox 158 2542 1312 2633">
     <span class='ocr_line' id='line_1_22' title="bbox 158 2542 1312 2633; baseline 0.001 -23"><span class='ocrx_word' id='word_1_187' title='bbox 158 2542 264 2622; x_wconf 61' lang='lat' dir='ltr'>&amp;iiiut</span> <span class='ocrx_word' id='word_1_188' title='bbox 281 2549 328 2623; x_wconf 75' lang='grc' dir='ltr'>τὴν</span> <span class='ocrx_word' id='word_1_189' title='bbox 346 2545 486 2633; x_wconf 70' lang='grc' dir='ltr'>εὐτυχίαν</span> <span class='ocrx_word' id='word_1_190' title='bbox 510 2546 567 2611; x_wconf 85' lang='lat' dir='ltr'>ubi</span> <span class='ocrx_word' id='word_1_191' title='bbox 588 2545 706 2612; x_wconf 81' lang='lat' dir='ltr'>excidit</span> <span class='ocrx_word' id='word_1_192' title='bbox 728 2546 861 2632; x_wconf 82' lang='lat' dir='ltr'>sequens</span> <span class='ocrx_word' id='word_1_193' title='bbox 880 2568 953 2633; x_wconf 84' lang='lat' dir='ltr'>pars</span> <span class='ocrx_word' id='word_1_194' title='bbox 971 2545 1048 2626; x_wconf 69' lang='lat' dir='ltr'>inis</span> <span class='ocrx_word' id='word_1_195' title='bbox 1061 2546 1197 2633; x_wconf 73' lang='grc' dir='ltr'><strong>ἀτυχίαν.</strong></span> <span class='ocrx_word' id='word_1_196' title='bbox 1309 2548 1312 2553; x_wconf 33' lang='lat'><em>⁸</em></span> 
     </span>
    </p>
   </div>
   <div class='ocr_carea' id='block_1_5' title="bbox 160 2646 1200 3239">
    <p class='ocr_par' dir='ltr' id='par_1_13' title="bbox 163 2646 348 2726">
     <span class='ocr_line' id='line_1_23' title="bbox 163 2646 348 2726; baseline 0 -15"><span class='ocrx_word' id='word_1_197' title='bbox 163 2646 239 2711; x_wconf 88' lang='lat'><strong>181.</strong></span> <span class='ocrx_word' id='word_1_198' title='bbox 254 2649 294 2726; x_wconf 91' lang='lat' dir='ltr'>B,</span> <span class='ocrx_word' id='word_1_199' title='bbox 309 2647 348 2712; x_wconf 88' lang='lat' dir='ltr'>C.</span> 
     </span>
    </p>

    <p class='ocr_par' dir='ltr' id='par_1_14' title="bbox 208 2746 868 2835">
     <span class='ocr_line' id='line_1_24' title="bbox 208 2746 868 2835; baseline -0.002 -23"><span class='ocrx_word' id='word_1_200' title='bbox 208 2767 281 2835; x_wconf 84' lang='lat'><strong>195.</strong></span> <span class='ocrx_word' id='word_1_201' title='bbox 295 2747 341 2812; x_wconf 90' lang='lat' dir='ltr'><strong>D.</strong></span> <span class='ocrx_word' id='word_1_202' title='bbox 363 2747 420 2833; x_wconf 88' lang='grc' dir='ltr'><strong>γ’.]</strong></span> <span class='ocrx_word' id='word_1_203' title='bbox 448 2746 596 2812; x_wconf 89' lang='lat' dir='ltr'>Indidem</span> <span class='ocrx_word' id='word_1_204' title='bbox 612 2769 644 2834; x_wconf 94' lang='lat' dir='ltr'><strong>p.</strong></span> <span class='ocrx_word' id='word_1_205' title='bbox 664 2748 735 2832; x_wconf 93' lang='grc'><strong>185.</strong></span> <span class='ocrx_word' id='word_1_206' title='bbox 751 2746 868 2811; x_wconf 84' lang='lat' dir='ltr'><strong>A-C.</strong></span> 
     </span>
    </p>

    <p class='ocr_par' dir='ltr' id='par_1_15' title="bbox 160 2842 1200 3239">
     <span class='ocr_line' id='line_1_25' title="bbox 210 2842 1197 2933; baseline 0.002 -22"><span class='ocrx_word' id='word_1_207' title='bbox 210 2862 283 2933; x_wconf 87' lang='grc'><strong>195.</strong></span> <span class='ocrx_word' id='word_1_208' title='bbox 300 2849 338 2911; x_wconf 86' lang='grc' dir='ltr'><strong>Ε.</strong></span> <span class='ocrx_word' id='word_1_209' title='bbox 361 2848 409 2931; x_wconf 66' lang='grc'><strong>6.]</strong></span> <span class='ocrx_word' id='word_1_210' title='bbox 444 2846 589 2911; x_wconf 90' lang='lat' dir='ltr'>Indidem</span> <span class='ocrx_word' id='word_1_211' title='bbox 618 2869 652 2933; x_wconf 94' lang='lat' dir='ltr'><strong>p.</strong></span> <span class='ocrx_word' id='word_1_212' title='bbox 677 2849 750 2912; x_wconf 87' lang='lat'><strong>186.</strong></span> <span class='ocrx_word' id='word_1_213' title='bbox 775 2846 891 2911; x_wconf 85' lang='lat' dir='ltr'><strong>A-C.</strong></span> <span class='ocrx_word' id='word_1_214' title='bbox 933 2842 1081 2911; x_wconf 88' lang='lat' dir='ltr'>Valerius</span> <span class='ocrx_word' id='word_1_215' title='bbox 1106 2847 1197 2913; x_wconf 83' lang='lat' dir='ltr'><strong>Max.</strong></span> 
     </span>
     <span class='ocr_line' id='line_1_26' title="bbox 160 2946 1197 3035; baseline 0.002 -21"><span class='ocrx_word' id='word_1_216' title='bbox 160 2950 241 3014; x_wconf 94' lang='lat' dir='ltr'><strong>VII.</strong></span> <span class='ocrx_word' id='word_1_217' title='bbox 253 2968 286 3035; x_wconf 84' lang='lat'>3.</span> <span class='ocrx_word' id='word_1_218' title='bbox 303 2965 333 3032; x_wconf 93' lang='lat'><strong>7.</strong></span> <span class='ocrx_word' id='word_1_219' title='bbox 362 2949 533 3014; x_wconf 79' lang='lat' dir='ltr'>Frontinus</span> <span class='ocrx_word' id='word_1_220' title='bbox 549 2950 608 3014; x_wconf 97' lang='lat' dir='ltr'>IV.</span> <span class='ocrx_word' id='word_1_221' title='bbox 623 2967 655 3033; x_wconf 94' lang='lat'><strong>7.</strong></span> <span class='ocrx_word' id='word_1_222' title='bbox 671 2951 725 3035; x_wconf 91' lang='grc'>36.</span> <span class='ocrx_word' id='word_1_223' title='bbox 755 2948 909 3013; x_wconf 83' lang='lat' dir='ltr'>Aurelius</span> <span class='ocrx_word' id='word_1_224' title='bbox 923 2946 1046 3013; x_wconf 77' lang='lat' dir='ltr'>Vittor.</span> <span class='ocrx_word' id='word_1_225' title='bbox 1060 2949 1111 3014; x_wconf 90' lang='lat' dir='ltr'>De</span> <span class='ocrx_word' id='word_1_226' title='bbox 1126 2951 1197 3016; x_wconf 88' lang='lat' dir='ltr'>Vir.</span> 
     </span>
     <span class='ocr_line' id='line_1_27' title="bbox 163 3049 1200 3138; baseline 0.002 -20"><span class='ocrx_word' id='word_1_227' title='bbox 163 3051 264 3118; x_wconf 83' lang='lat' dir='ltr'>Illust.</span> <span class='ocrx_word' id='word_1_228' title='bbox 286 3053 411 3118; x_wconf 94' lang='lat' dir='ltr'><strong>XLIII.</strong></span> <span class='ocrx_word' id='word_1_229' title='bbox 426 3069 460 3137; x_wconf 92' lang='grc'><strong>5.</strong></span> <span class='ocrx_word' id='word_1_230' title='bbox 496 3053 549 3118; x_wconf 84' lang='lat' dir='ltr'>De</span> <span class='ocrx_word' id='word_1_231' title='bbox 563 3051 721 3116; x_wconf 91' lang='lat' dir='ltr'>Marcello</span> <span class='ocrx_word' id='word_1_232' title='bbox 742 3049 839 3115; x_wconf 82' lang='lat' dir='ltr'>fimile</span> <span class='ocrx_word' id='word_1_233' title='bbox 856 3063 974 3131; x_wconf 87' lang='lat' dir='ltr'>narrat,</span> <span class='ocrx_word' id='word_1_234' title='bbox 990 3049 1022 3115; x_wconf 93' lang='lat' dir='ltr'>in</span> <span class='ocrx_word' id='word_1_235' title='bbox 1037 3049 1107 3138; x_wconf 87' lang='lat' dir='ltr'>ejus</span> <span class='ocrx_word' id='word_1_236' title='bbox 1120 3051 1200 3120; x_wconf 82' lang='lat' dir='ltr'>Vita</span> 
     </span>
     <span class='ocr_line' id='line_1_28' title="bbox 163 3151 951 3239; baseline -0.005 -20"><span class='ocrx_word' id='word_1_237' title='bbox 163 3151 356 3219; x_wconf 77' lang='lat' dir='ltr'>Plutarchus</span> <span class='ocrx_word' id='word_1_238' title='bbox 373 3173 407 3238; x_wconf 91' lang='lat' dir='ltr'><strong>p.</strong></span> <span class='ocrx_word' id='word_1_239' title='bbox 421 3173 497 3239; x_wconf 82' lang='lat'><strong>303.</strong></span> <span class='ocrx_word' id='word_1_240' title='bbox 514 3165 547 3216; x_wconf 87' lang='lat' dir='ltr'>et</span> <span class='ocrx_word' id='word_1_241' title='bbox 563 3151 671 3216; x_wconf 89' lang='lat' dir='ltr'>Livius</span> <span class='ocrx_word' id='word_1_242' title='bbox 686 3153 814 3216; x_wconf 93' lang='lat' dir='ltr'><strong>XXIII.</strong></span> <span class='ocrx_word' id='word_1_243' title='bbox 832 3167 883 3235; x_wconf 94' lang='grc'>15.</span> <span class='ocrx_word' id='word_1_244' title='bbox 901 3152 951 3215; x_wconf 94' lang='grc'>16.</span> 
     </span>
    </p>
   </div>
   <div class='ocr_carea' id='block_1_6' title="bbox 209 3252 1340 3342">
    <p class='ocr_par' dir='ltr' id='par_1_16' title="bbox 209 3252 1340 3342">
     <span class='ocr_line' id='line_1_29' title="bbox 209 3252 1340 3342; baseline -0.018 -19"><span class='ocrx_word' id='word_1_245' title='bbox 209 3270 282 3342; x_wconf 87' lang='grc'><strong>195.</strong></span> <span class='ocrx_word' id='word_1_246' title='bbox 297 3257 333 3319; x_wconf 90' lang='lat' dir='ltr'>F.</span> <span class='ocrx_word' id='word_1_247' title='bbox 357 3255 404 3340; x_wconf 59' lang='lat' dir='ltr'>est]</span> <span class='ocrx_word' id='word_1_248' title='bbox 430 3256 468 3319; x_wconf 92' lang='lat' dir='ltr'>In</span> <span class='ocrx_word' id='word_1_249' title='bbox 488 3255 564 3319; x_wconf 86' lang='lat' dir='ltr'>Vita</span> <span class='ocrx_word' id='word_1_250' title='bbox 586 3253 675 3320; x_wconf 85' lang='lat' dir='ltr'>Fabii</span> <span class='ocrx_word' id='word_1_251' title='bbox 696 3252 832 3319; x_wconf 81' lang='lat' dir='ltr'>Maximi</span> <span class='ocrx_word' id='word_1_252' title='bbox 852 3273 891 3341; x_wconf 87' lang='lat' dir='ltr'>p.</span> <span class='ocrx_word' id='word_1_253' title='bbox 908 3253 1111 3338; x_wconf 80' lang='lat' dir='ltr'><strong>187.A-c.</strong></span> <span class='ocrx_word' id='word_1_254' title='bbox 1139 3254 1198 3322; x_wconf 76' lang='lat' dir='ltr'>Li.</span> <span class='ocrx_word' id='word_1_255' title='bbox 1335 3277 1340 3284; x_wconf 91' lang='lat'><em>-</em></span> 
     </span>
    </p>
   </div>
   <div class='ocr_carea' id='block_1_7' title="bbox 163 3348 1202 4367">
    <p class='ocr_par' dir='ltr' id='par_1_17' title="bbox 164 3348 460 3423">
     <span class='ocr_line' id='line_1_30' title="bbox 164 3348 460 3423; baseline -0.003 -1"><span class='ocrx_word' id='word_1_256' title='bbox 164 3348 234 3423; x_wconf 72' lang='lat' dir='ltr'>iius</span> <span class='ocrx_word' id='word_1_257' title='bbox 248 3359 390 3423; x_wconf 93' lang='lat' dir='ltr'><strong>XXVII.</strong></span> <span class='ocrx_word' id='word_1_258' title='bbox 409 3359 460 3422; x_wconf 88' lang='lat'>16.</span> 
     </span>
    </p>

    <p class='ocr_par' dir='ltr' id='par_1_18' title="bbox 163 3444 1200 3846">
     <span class='ocr_line' id='line_1_31' title="bbox 210 3444 1200 3545; baseline -0.001 -22"><span class='ocrx_word' id='word_1_259' title='bbox 210 3472 284 3545; x_wconf 86' lang='lat'><strong>195.</strong></span> <span class='ocrx_word' id='word_1_260' title='bbox 301 3444 336 3523; x_wconf 63' lang='grc'>11.</span> <span class='ocrx_word' id='word_1_261' title='bbox 360 3457 412 3544; x_wconf 83' lang='grc' dir='ltr'><strong>ς’.]</strong></span> <span class='ocrx_word' id='word_1_262' title='bbox 440 3455 585 3521; x_wconf 89' lang='lat' dir='ltr'>Indidem</span> <span class='ocrx_word' id='word_1_263' title='bbox 608 3479 642 3543; x_wconf 93' lang='lat' dir='ltr'>p.</span> <span class='ocrx_word' id='word_1_264' title='bbox 663 3457 734 3541; x_wconf 88' lang='lat'><strong>187.</strong></span> <span class='ocrx_word' id='word_1_265' title='bbox 751 3458 791 3520; x_wconf 87' lang='lat' dir='ltr'>E.</span> <span class='ocrx_word' id='word_1_266' title='bbox 819 3446 884 3521; x_wconf 88' lang='lat' dir='ltr'>ubi</span> <span class='ocrx_word' id='word_1_267' title='bbox 897 3478 1064 3543; x_wconf 85' lang='lat' dir='ltr'>perperam</span> <span class='ocrx_word' id='word_1_268' title='bbox 1084 3457 1200 3533; x_wconf 75' lang='grc' dir='ltr'><strong><em>Λεύκιος</em></strong></span> 
     </span>
     <span class='ocr_line' id='line_1_32' title="bbox 163 3557 1200 3647; baseline -0.003 -21"><span class='ocrx_word' id='word_1_269' title='bbox 163 3560 286 3647; x_wconf 86' lang='lat' dir='ltr'>legitur</span> <span class='ocrx_word' id='word_1_270' title='bbox 310 3581 369 3646; x_wconf 92' lang='lat' dir='ltr'>pro</span> <span class='ocrx_word' id='word_1_271' title='bbox 395 3558 502 3636; x_wconf 73' lang='grc' dir='ltr'><em>Λίὸιος,</em></span> <span class='ocrx_word' id='word_1_272' title='bbox 525 3571 563 3622; x_wconf 93' lang='lat' dir='ltr'>ut</span> <span class='ocrx_word' id='word_1_273' title='bbox 582 3557 652 3645; x_wconf 87' lang='lat' dir='ltr'>jam</span> <span class='ocrx_word' id='word_1_274' title='bbox 674 3557 803 3622; x_wconf 92' lang='lat' dir='ltr'>monuit</span> <span class='ocrx_word' id='word_1_275' title='bbox 830 3557 981 3646; x_wconf 85' lang='lat' dir='ltr'>Sigonius</span> <span class='ocrx_word' id='word_1_276' title='bbox 1009 3558 1050 3622; x_wconf 91' lang='lat' dir='ltr'>ad</span> <span class='ocrx_word' id='word_1_277' title='bbox 1071 3558 1200 3623; x_wconf 91' lang='lat' dir='ltr'>Livium</span> 
     </span>
     <span class='ocr_line' id='line_1_33' title="bbox 164 3659 1200 3747; baseline -0.003 -19"><span class='ocrx_word' id='word_1_278' title='bbox 164 3664 291 3728; x_wconf 94' lang='lat' dir='ltr'><strong>XXIV.</strong></span> <span class='ocrx_word' id='word_1_279' title='bbox 310 3682 361 3729; x_wconf 86' lang='lat' dir='ltr'>ao.</span> <span class='ocrx_word' id='word_1_280' title='bbox 402 3659 555 3727; x_wconf 87' lang='lat' dir='ltr'>Meminit</span> <span class='ocrx_word' id='word_1_281' title='bbox 578 3660 674 3725; x_wconf 89' lang='lat' dir='ltr'>etiarn</span> <span class='ocrx_word' id='word_1_282' title='bbox 691 3659 805 3724; x_wconf 87' lang='lat' dir='ltr'>Cicero</span> <span class='ocrx_word' id='word_1_283' title='bbox 822 3661 876 3725; x_wconf 88' lang='lat' dir='ltr'>De</span> <span class='ocrx_word' id='word_1_284' title='bbox 890 3660 979 3725; x_wconf 90' lang='lat' dir='ltr'>Orat.</span> <span class='ocrx_word' id='word_1_285' title='bbox 996 3662 1041 3725; x_wconf 94' lang='lat' dir='ltr'>II.</span> <span class='ocrx_word' id='word_1_286' title='bbox 1057 3662 1111 3747; x_wconf 92' lang='lat'>67.</span> <span class='ocrx_word' id='word_1_287' title='bbox 1146 3661 1200 3726; x_wconf 85' lang='lat' dir='ltr'>Do</span> 
     </span>
     <span class='ocr_line' id='line_1_34' title="bbox 165 3764 968 3846; baseline 0.006 -12"><span class='ocrx_word' id='word_1_288' title='bbox 165 3764 293 3834; x_wconf 80' lang='lat' dir='ltr'>seneu.</span> <span class='ocrx_word' id='word_1_289' title='bbox 308 3787 341 3846; x_wconf 93' lang='lat'>4.</span> <span class='ocrx_word' id='word_1_290' title='bbox 965 3832 968 3839; x_wconf 91' lang='lat'><strong>.</strong></span> 
     </span>
    </p>

    <p class='ocr_par' dir='ltr' id='par_1_19' title="bbox 164 3862 1202 4267">
     <span class='ocr_line' id='line_1_35' title="bbox 208 3862 1201 3956; baseline -0.002 -24"><span class='ocrx_word' id='word_1_291' title='bbox 208 3891 242 3956; x_wconf 92' lang='lat' dir='ltr'>p.</span> <span class='ocrx_word' id='word_1_292' title='bbox 262 3870 334 3954; x_wconf 89' lang='lat'><strong>196.</strong></span> <span class='ocrx_word' id='word_1_293' title='bbox 349 3867 393 3932; x_wconf 88' lang='lat' dir='ltr'>A.</span> <span class='ocrx_word' id='word_1_294' title='bbox 417 3866 470 3950; x_wconf 79' lang='grc' dir='ltr'><strong>ζ’.]</strong></span> <span class='ocrx_word' id='word_1_295' title='bbox 496 3864 642 3929; x_wconf 88' lang='lat' dir='ltr'>Indidem</span> <span class='ocrx_word' id='word_1_296' title='bbox 663 3887 697 3952; x_wconf 93' lang='lat' dir='ltr'>p.</span> <span class='ocrx_word' id='word_1_297' title='bbox 716 3864 788 3930; x_wconf 91' lang='lat'><strong>188.</strong></span> <span class='ocrx_word' id='word_1_298' title='bbox 807 3863 851 3939; x_wconf 84' lang='lat' dir='ltr'>A,</span> <span class='ocrx_word' id='word_1_299' title='bbox 866 3864 904 3928; x_wconf 93' lang='lat' dir='ltr'>B.</span> <span class='ocrx_word' id='word_1_300' title='bbox 924 3862 1011 3931; x_wconf 90' lang='lat' dir='ltr'>unde</span> <span class='ocrx_word' id='word_1_301' title='bbox 1035 3863 1099 3928; x_wconf 93' lang='lat' dir='ltr'>hoc</span> <span class='ocrx_word' id='word_1_302' title='bbox 1126 3862 1201 3930; x_wconf 94' lang='lat' dir='ltr'>loco</span> 
     </span>
     <span class='ocr_line' id='line_1_36' title="bbox 167 3948 1200 4057; baseline -0.001 -22"><span class='ocrx_word' id='word_1_303' title='bbox 167 3992 226 4057; x_wconf 93' lang='lat' dir='ltr'>pro</span> <span class='ocrx_word' id='word_1_304' title='bbox 239 3968 329 4056; x_wconf 68' lang='grc' dir='ltr'><strong><em>προῄει</em></strong></span> <span class='ocrx_word' id='word_1_305' title='bbox 343 3968 516 4056; x_wconf 87' lang='lat' dir='ltr'>legendum</span> <span class='ocrx_word' id='word_1_306' title='bbox 530 3965 652 4055; x_wconf 66' lang='grc' dir='ltr'><strong>προσῄει.</strong></span> <span class='ocrx_word' id='word_1_307' title='bbox 675 3966 829 4032; x_wconf 90' lang='lat' dir='ltr'>Meminit</span> <span class='ocrx_word' id='word_1_308' title='bbox 841 3964 938 4030; x_wconf 87' lang='lat' dir='ltr'>etiarn</span> <span class='ocrx_word' id='word_1_309' title='bbox 951 3965 1059 4030; x_wconf 91' lang='lat' dir='ltr'>Livius</span> <span class='ocrx_word' id='word_1_310' title='bbox 1073 3948 1200 4034; x_wconf 93' lang='lat' dir='ltr'><strong>XXIV.</strong></span> 
     </span>
     <span class='ocr_line' id='line_1_37' title="bbox 164 4066 1202 4156; baseline -0.004 -17"><span class='ocrx_word' id='word_1_311' title='bbox 164 4093 220 4156; x_wconf 84' lang='lat'>44.</span> <span class='ocrx_word' id='word_1_312' title='bbox 243 4072 389 4139; x_wconf 86' lang='lat' dir='ltr'>Valerius</span> <span class='ocrx_word' id='word_1_313' title='bbox 404 4071 569 4136; x_wconf 83' lang='lat' dir='ltr'>Maximus</span> <span class='ocrx_word' id='word_1_314' title='bbox 584 4071 629 4134; x_wconf 91' lang='lat' dir='ltr'>II.</span> <span class='ocrx_word' id='word_1_315' title='bbox 646 4090 677 4137; x_wconf 88' lang='grc'><strong>2.</strong></span> <span class='ocrx_word' id='word_1_316' title='bbox 692 4091 726 4152; x_wconf 90' lang='grc'><strong>4.</strong></span> <span class='ocrx_word' id='word_1_317' title='bbox 764 4066 887 4134; x_wconf 89' lang='lat' dir='ltr'>Gellius</span> <span class='ocrx_word' id='word_1_318' title='bbox 903 4070 948 4133; x_wconf 95' lang='lat' dir='ltr'>II.</span> <span class='ocrx_word' id='word_1_319' title='bbox 965 4087 995 4136; x_wconf 93' lang='grc'><strong>2.</strong></span> <span class='ocrx_word' id='word_1_320' title='bbox 1010 4089 1049 4133; x_wconf 85' lang='lat' dir='ltr'>ex</span> <span class='ocrx_word' id='word_1_321' title='bbox 1064 4066 1202 4136; x_wconf 88' lang='lat' dir='ltr'>Claudio</span> 
     </span>
     <span class='ocr_line' id='line_1_38' title="bbox 168 4174 394 4267; baseline -0.013 -25"><span class='ocrx_word' id='word_1_322' title='bbox 168 4174 394 4267; x_wconf 58' lang='lat' dir='ltr'>quadrigario.</span> 
     </span>
    </p>

    <p class='ocr_par' dir='ltr' id='par_1_20' title="bbox 211 4271 1202 4367">
     <span class='ocr_line' id='line_1_39' title="bbox 211 4271 1202 4367; baseline -0.005 -20"><span class='ocrx_word' id='word_1_323' title='bbox 211 4280 287 4367; x_wconf 89' lang='lat'><strong>196.</strong></span> <span class='ocrx_word' id='word_1_324' title='bbox 301 4280 340 4345; x_wconf 89' lang='lat' dir='ltr'>B.</span> <span class='ocrx_word' id='word_1_325' title='bbox 362 4274 603 4348; x_wconf 80' lang='grc' dir='ltr'>ΣΚΙΠΙΩΝΟΣ</span> <span class='ocrx_word' id='word_1_326' title='bbox 619 4279 704 4367; x_wconf 77' lang='lat' dir='ltr'>Tur</span> <span class='ocrx_word' id='word_1_327' title='bbox 722 4271 1046 4361; x_wconf 53' lang='lat' dir='ltr'>anastaseos]</span> <span class='ocrx_word' id='word_1_328' title='bbox 1073 4275 1114 4342; x_wconf 84' lang='lat' dir='ltr'>Et</span> <span class='ocrx_word' id='word_1_329' title='bbox 1130 4274 1202 4342; x_wconf 79' lang='lat' dir='ltr'>hae·</span> 
     </span>
    </p>
   </div>
   <div class='ocr_carea' id='block_1_8' title="bbox 0 0 1362 4928">
    <p class='ocr_par' dir='ltr' id='par_1_21' title="bbox 0 0 1362 4928">
     <span class='ocr_line' id='line_1_40' title="bbox 0 0 1362 4928; baseline 0 0"><span class='ocrx_word' id='word_1_330' title='bbox 0 0 1362 4928; x_wconf 95' lang='lat' dir='ltr'> </span> 
     </span>
    </p>
   </div>
  </div>
 </body>
</html>
