2700 4928
268 375 471 438 urorum.
487 373 708 437 Laconica,
726 376 873 453 paroc.
1011 362 1096 456 1169'

49 525 149 603 modi
163 536 263 604 homo
285 540 450 606 stationem
466 540 549 622 vitae,
565 541 673 606 locum
689 540 721 604 in
742 540 821 620 acie,
836 540 983 605 absumfit
992 565 1002 622 3
1026 562 1087 607 ueo

48 639 85 706 iu
108 641 176 708 acie
197 665 343 732 pugnare
365 645 476 732 potest.
514 646 663 709 Acumen
687 643 787 732 igitur
807 644 851 708 est
869 644 901 708 in
922 642 1096 732 ambigui·'

48 754 119 809 tate
140 744 380 825 vocabulorum,
405 747 495 825 τάξις,
516 768 589 833 quae
611 746 654 811 est
678 744 826 831 modestia,
851 745 928 809 lours
954 747 987 808 in
1011 746 1085 828 acie,

35 842 136 932 statio
158 845 191 911 in
212 847 337 924 civibus,
357 849 478 935 cardus.-
501 862 535 912 et
548 848 619 928 βίος,
635 848 691 935 qui
705 849 748 912 est
760 848 860 913 vibius
873 861 908 913 et
919 849 998 913 vita.
1042 851 1086 915 Et

48 968 127 1012 vero
140 947 288 1034 paralitus
303 950 401 1014 habet
416 950 475 1027 βίον
496 949 646 1029 alienum,
663 971 739 1013 curn
753 949 862 1028 vitam,
877 962 947 1014 turn
961 949 1085 1015 vibium.

49 1047 107 1113 Sic
128 1049 180 1112 De
201 1049 379 1114 Adulatore
403 1050 593 1114 Plutarchus
614 1072 648 1136 p.
661 1067 715 1134 52.
731 1050 784 1114 A:
806 1049 926 1124 -ᾶςίαν
940 1050 1018 1128 ἤθους
1037 1055 1086 1116 οὐκ

49 1146 126 1233 ἴχονν
137 1149 261 1233 μόνιμον,
275 1152 332 1214 utili
347 1159 435 1237 tamo}
449 1152 508 1232 βίον
529 1156 612 1231 ζητῶν
629 1153 746 1236 αἱρετὸν,
760 1153 827 1215 ἀλλ’
843 1151 937 1238 ἑτέρῳ.
973 1153 1025 1216 De
1040 1147 1085 1217 Ε·

48 1250 163 1318 ducat.
179 1253 249 1318 Lib.
262 1275 296 1340 p.
312 1273 369 1339 13:
392 1255 460 1317 νόθα
473 1253 542 1342 pigi]
556 1253 630 1333 βίον.
652 1253 831 1318 Athenaeue
844 1251 886 1317 de
902 1254 1010 1318 Phoco
1026 1255 1084 1320 IV.
1105 1274 1112 1285 ·

48 1375 85 1441 p.
103 1356 176 1420 168.
194 1357 238 1421 Ft
266 1356 447 1444 πάνταγὰρ
469 1357 593 1435 ἀνήλωσε
617 1359 654 1418 σοὶ
675 1364 800 1442 werpire
823 1358 859 1430 εἰς
879 1355 1014 1419 ἀσωτίαν·
1040 1354 1088 1434 rto)

49 1453 146 1520 bura
168 1456 316 1521 ἒκολᾶκευε
341 1459 387 1521 riv
410 1458 452 1521 hri
476 1463 523 1534 τῆς
547 1453 723 1543 Μουνυχίας.
760 1458 803 1520 Et
827 1456 931 1535 fallor,
953 1468 1011 1521 aut
1030 1457 1087 1544 qui

48 1554 116 1623 boc
142 1557 284 1645 prodidit
308 1558 486 1625 Historieus
511 1558 551 1623 de
578 1559 766 1638 Demarato,
797 1556 943 1622 imitatus
967 1559 1010 1622 est
1036 1572 1087 1623 ta·

47 1658 117 1725 lem
139 1659 311 1746 quemdam
337 1660 464 1727 Comici
486 1659 655 1741 senarium,
678 1657 767 1739 Τᾶξνν
789 1657 851 1740 βίον
874 1659 1087 1742 κατηνᾶλακσς,

48 1756 186 1847 δ’γοοθί.

97 1881 172 1931 220.
188 1862 229 1928 C.
251 1863 540 1950 annuerim]
567 1865 605 1928 lu
620 1863 698 1929 Vita
710 1861 826 1950 Agidis
836 1885 870 1950 p.
884 1878 957 1950 799.
973 1866 1020 1929 F:
1043 1863 1088 1933 Σὺ

50 1966 82 2029 δῖ
102 1966 246 2053 Ἐκπρνσῆ
267 1969 318 2050 μὶν
339 1971 464 2048 ἐπαινεῖς,
482 1967 589 2052 ἔφησεν,
611 1965 640 2042 ὃς
658 1967 797 2052 ἐφορεύων,
811 1965 939 2052 Φρυνίδος
952 1971 1000 2029 τοῦ
1014 1970 1087 2030 Me·

50 2076 135 2133 σνκοῦ
155 2070 299 2158 σκεπάρνῳ
317 2075 368 2146 τὰς
389 2069 433 2134 δύο
451 2079 506 2134 τῶν
519 2068 592 2134 iuria
612 2071 720 2157 χορδῶν
741 2068 861 2152 ἐξέτεμε.
897 2067 1007 2134 Potuit
1024 2067 1088 2135 hoc

49 2170 128 2237 loeo
141 2186 232 2238 vetut
245 2172 341 2239 lettio
360 2172 450 2236 fuisse
463 2176 636 2261 'Epagerrir
661 2169 713 2236 sed
726 2171 760 2235 in
775 2193 824 2251 ea,
839 2193 939 2257 quam
954 2169 1088 2236 retinui·

49 2295 126 2338 mue
147 2295 261 2339 omnes
283 2273 356 2339 libri
377 2272 592 2339 consentiunt.
629 2274 681 2339 De
703 2295 737 2337 re
759 2272 871 2337 eadem
891 2271 1032 2337 diximus
1052 2294 1088 2361 p.

98 2493 174 2542 220.
191 2475 232 2542 C.
255 2477 527 2562 ammarum]
556 2478 703 2542 Erasmus
726 2476 812 2542 haud
831 2490 952 2543 temere
973 2477 1014 2543 fic
1029 2477 1088 2566 ju·

50 2575 162 2644 dieat:
195 2578 248 2642 Ea
261 2579 414 2666 sententio
434 2603 492 2643 non
513 2579 639 2667 differret
655 2604 676 2642 a
689 2579 783 2643 literis
799 2579 1006 2658 Hebraeorum,
1021 2604 1091 2666 qius

50 2691 197 2759 nonant,
208 2681 358 2769 serpentis
373 2682 521 2746 mendacio
534 2681 664 2768 primum
671 2681 759 2766 sores
773 2693 893 2768 apertas
907 2681 984 2744 omni
997 2681 1104 2745 oieb·

52 2806 120 2847 rum
139 2783 256 2869 generi.
288 2783 355 2848 Nisr
373 2782 588 2871 supposititius
606 2784 649 2847 est
665 2784 718 2847 hic
731 2783 834 2862 locus,
850 2783 970 2848 neeess‘e
985 2783 1020 2846 fit
1035 2783 1089 2848 fu·

53 2883 108 2948 iffe
122 2883 187 2949 hoe
208 2885 363 2972 {iugulare
385 2885 532 2971 Epaeneti
548 2884 721 2977 judicium.
756 2885 843 2949 Nam
861 2885 1090 2971 Spartanorum

52 2985 206 3051 institutis
225 3010 290 3051 nou
306 2999 374 3052 erat
395 2988 531 3059 vetitum
550 2987 698 3066 mentiri,
724 2985 802 3074 quin
818 2986 899 3052 adeo
914 3010 989 3052 cum
1012 3001 1090 3051 κλω-

52 3087 133 3175 nlq,
143 3087 283 3177 furandi
301 3113 389 3169 more,
407 3088 630 3176 conjundlum,
645 3110 718 3175 quae
740 3089 802 3152 fine
822 3088 991 3161 mendacio
1009 3110 1090 3155 con·

53 3191 132 3255 stare
147 3213 213 3254 non
227 3203 366 3278 poterat.
388 3192 460 3256 Nee
474 3190 637 3278 Lysandro
652 3191 729 3256 vitio
742 3190 888 3271 dabatur,
904 3191 1091 3262 mentiendo

52 3304 89 3358 ot
106 3291 261 3372 fallendo,
283 3292 394 3381 patria·
416 3315 485 3357 rem
504 3316 635 3381 augere.
673 3292 785 3360 Simile
803 3294 845 3358 est
867 3292 901 3358 in
919 3294 1003 3359 hanc
1017 3295 1090 3360 sen·

53 3394 192 3460 tentiam
216 3394 459 3483 apophthegma
488 3395 673 3461 Cleomenis
699 3417 733 3482 p.
758 3414 832 3481 223.
852 3396 892 3460 Β.
915 3395 1091 3482 peq'urium

54 3497 147 3561 suurn
161 3495 374 3561 defendentis.
397 3497 603 3585 Quamquam
617 3495 843 3576 Callicratide,
854 3496 1003 3584 Agesilai,
1016 3520 1090 3563 om·

54 3596 133 3663 nino
149 3597 394 3685 Spartanorum,
406 3612 441 3663 et
455 3598 596 3662 universe
611 3597 751 3663 Doricus
764 3597 894 3685 fimplex
907 3611 941 3662 et
954 3598 1092 3666 fincerue

53 3718 126 3762 moa
149 3697 190 3764 ab
214 3698 269 3763 ista
291 3698 433 3786 perfidiae
458 3699 530 3764 labe
555 3698 760 3765 abhorrebat.
804 3700 955 3765 Habebat
980 3712 1091 3765 tamen

55 3799 128 3865 hoeo
150 3798 261 3888 opinio
280 3800 612 3888 exceptionemapud
631 3801 815 3888 Spartanos,
834 3815 871 3867 ut
890 3801 989 3867 modo
1008 3801 1091 3867 dixi·

56 3925 154 3969 mua:
184 3903 324 3993 indeque
344 3903 569 3992 accipiendum
591 3902 679 3968 aliud
700 3902 942 3991 apophthegma
965 3925 999 3990 p.
1016 3922 1091 3989 234.

57 4005 100 4070 F:
124 4004 257 4082 Εἲσένσος
277 4007 306 4070 δι’
327 4032 398 4082 τινος
418 4007 532 4071 Λάκωνι
546 4003 586 4069 dra
604 4006 744 4086 divinat,
763 4004 940 4092 ἁπεκρίνατο,
957 4004 1092 4091 tulupa

55 4112 113 4196 γὰρ
129 4108 213 4192 οἶμος·
236 4115 261 4174 ol
279 4113 300 4173 δ’
314 4108 398 4174 ἄλλον
414 4107 483 4173 aina
496 4113 535 4192 μὴ
551 4113 662 4187 τάληθῆ
675 4107 786 4193 λέγοντι
801 4108 973 4191 alphiano.
1009 4109 1091 4174 Om-

57 4229 112 4274 uea
137 4212 212 4276 sane
233 4212 413 4299 Scriptores
439 4222 474 4276 et
496 4209 679 4297 Philosophi
700 4208 903 4274 mendacium
923 4209 1092 4294 damnant,

59 4330 117 4381 nee
142 4315 198 4381 nili
219 4317 355 4385 remedii
376 4316 484 4384 cautla
504 4316 636 4383 summis
658 4315 836 4384 evertendis
857 4315 949 4385 malie
975 4339 1091 4385 couce-

102 4436 190 4485 νοι.
207 4438 262 4488 vr.
562 4436 623 4498 4r
