2700 4928
150 352 207 417 708
339 348 375 406 D.
389 349 439 405 W.
460 339 666 407 ANIMADV.
687 347 734 406 IN
754 341 984 408 PLUTARCHI
1005 382 1012 395 =

152 507 233 593 ἔλεγέ
249 535 291 586 τε,
311 517 426 572 συνετῶν
440 511 539 595 ἀνδρῶν
554 510 629 587 εῖναι,
642 511 712 594 πρὶν
725 509 845 593 prule«,
857 513 895 572 rol
909 511 1022 596 δνχερῆ,
1035 512 1166 595 προνοῆτε

152 601 220 682 drus
231 612 269 690 μὴ
283 608 402 692 γίνηταρ·
426 609 546 695 ἀνδρείων
560 612 599 689 δδ,
613 610 745 694 γενόμενα
764 609 792 673 εὐ
806 609 910 688 Sibai:
936 607 1024 695 quod
1042 608 1076 671 in
1100 609 1164 672 Sco

153 710 204 775 liis
222 709 332 774 retulit
353 711 535 775 Brunckius
552 711 698 779 Aualedl.
721 713 759 779 T.
778 711 804 775 l.
827 732 859 798 p.
880 718 951 795 154.
986 708 1166 773 Philemoni

153 809 239 896 apud
253 810 344 874 Stob.
359 811 423 875 Tit.
440 811 528 876 CVI.
547 833 579 898 p.
594 827 678 896 570:
700 811 738 876 Ὁ
758 817 840 875 ποιῶν
860 814 882 873 δ
896 811 1030 897 ίλνίχιςον
1046 813 1079 872 ri
1094 834 1166 894 γεγε

153 908 260 990 νημίνον
274 912 370 987 κακδν,
385 911 551 998 Ἀμφίτερνν
570 911 645 985 οὗτος
664 916 776 998 εὐτειχεῖ
793 936 824 974 τε
843 911 890 973 καδ
905 915 1013 998 φρονεῖτ
1036 909 1084 974 ita
1099 912 1167 973 κανεῖ

154 1006 337 1074 assumimus
358 1032 397 1075 ex
418 1010 641 1076 emendatione
655 1010 792 1077 Bentleii
814 1032 846 1098 p.
865 1030 936 1096 129.
951 1011 1087 1097 ὲλάχιςον
1106 1010 1167 1074 reti

154 1129 278 1187 nemus,
293 1125 327 1176 et
343 1124 475 1198 propter
487 1112 650 1177 sententie
673 1111 840 1190 rationem,
854 1124 888 1177 et
905 1110 992 1197 quod
1012 1133 1078 1175 non
1094 1109 1167 1175 Atti

154 1231 230 1274 cum
247 1209 371 1275 videtur
388 1215 479 1274 ποιεῖν
496 1237 524 1274 τι
542 1212 678 1298 ίλαχίςει,
689 1211 797 1298 facere
810 1211 885 1297 quid
902 1211 1027 1289 minimi,
1045 1209 1100 1276 sed
1113 1235 1167 1274 m

154 1315 234 1388 εἶθαρ
253 1312 386 1396 requirit
407 1312 477 1377 haec
497 1313 691 1398 significatio.
727 1311 869 1376 Aristidis
887 1314 927 1377 T.
945 1312 972 1376 l.
995 1333 1028 1397 p.
1044 1331 1131 1397 394:
1153 1338 1167 1375 τ

154 1411 258 1493 με’λλον
273 1411 371 1490 ἄδηλον
391 1413 494 1477 ἅπασιν
513 1413 758 1500 ἀνθρώποις-ἂι
772 1416 794 1476 δ
808 1412 836 1477 εὐ
849 1414 1022 1500 φρονούντων,
1036 1417 1080 1475 ἐπ’
1091 1414 1167 1498 cippi

155 1515 208 1599 περ’
223 1513 408 1595 ἐξετάζοντας,
425 1512 496 1577 οὕτω
508 1513 626 1593 τίδεθαρ
638 1516 703 1600 πρδς
715 1516 747 1576 τδ
761 1511 918 1594 πνμύαῖνον.

120 1650 122 1657 v
200 1632 273 1698 103.
288 1614 331 1678 Α.
356 1612 413 1691 Ka>
429 1619 488 1702 '7⁶¹3
504 1615 572 1696 περὶ
585 1612 885 1700 &pediu—fficio]
912 1612 1020 1677 Habet
1035 1614 1168 1679 Stobaeu

157 1715 306 1802 Florileg.
322 1714 386 1779 Tit.
401 1717 463 1780 111.
480 1737 511 1802 p.
526 1736 580 1801 39.
597 1716 678 1779 inter
691 1715 768 1778 alios
781 1713 870 1778 locos
885 1715 1105 1795 Plutarcheos‚
1121 1739 1168 1782 nor

158 1828 264 1879 tamen
285 1814 394 1879 addita
407 1815 484 1880 huic
499 1817 571 1880 loco
586 1815 657 1879 libri
669 1828 755 1878 nota.

203 1935 274 2002 103.
288 1918 326 1981 Β.
349 1920 412 1980 Οὐκ
435 1916 489 1991 ίςιν
512 1915 566 1991 ὐςις
589 1916 668 1978 πάντ’
687 1920 753 2003 ἀνὴρ
774 1917 931 2000 εὐδαιμονεῖ]
962 1915 1127 2002 Euripidis
1147 1939 1168 1982 e

157 2018 364 2097 stheneboea,
390 2019 516 2107 prologi
535 2018 676 2098 initium,
701 2018 827 2082 monuit
854 2016 1039 2081 Scholiastes
1062 2018 1168 2083 Aristo

157 2121 272 2205 phanis
292 2120 332 2185 ad
355 2124 456 2187 Renes
474 2122 565 2201 1048.
578 2120 641 2183 -ubi
663 2120 724 2183 hoc
740 2118 866 2204 Tragici
880 2117 1034 2182 didiume
1049 2119 1168 2183 Comic

159 2220 345 2284 traducitur.
401 2222 476 2284 Sine
509 2219 646 2283 audioris
677 2219 807 2282 nomine
837 2219 970 2304 apponit
999 2219 1169 2285 Aristotele

159 2319 254 2382 Rhet.
271 2320 315 2381 Il.
332 2335 384 2383 22.
402 2337 431 2380 1.
453 2316 646 2402 proximum,
669 2315 834 2403 interjedia
854 2317 915 2380 ulia
927 2317 1094 2397 sententia,
1110 2320 1168 2384 sub

153 2415 287 2503 jiciens:
311 2415 357 2495 nal
369 2418 413 2492 τδ,
429 2419 492 2478 Οὐκ
507 2414 561 2488 ἔςιν
575 2414 629 2489 ὐςις
642 2416 729 2478 πάντ’
742 2420 808 2503 ἀνὴρ
822 2419 977 2497 εὐδαιμονεῖ·
998 2419 1045 2481 xci
1059 2422 1105 2496 πδ,
1122 2425 1167 2483 Οὐ

160 2517 214 2589 ίςιν
234 2519 333 2600 ἀνδρῶν
354 2514 408 2590 ὐςις
430 2516 467 2588 ἶς’
487 2517 634 2602 ἐλεύθερος·
657 2516 766 2598 Γνοίμη·
788 2520 851 2602 πρὸς
873 2520 900 2580 δδ
919 2521 951 2582 πδ
972 2518 1095 2605 ὐχομῖνορ
1116 2523 1169 2584 Ἔν

161 2616 286 2700 θιίμημοι·
310 2616 354 2680 Ἢ
372 2618 528 2703 χρημάτων
548 2621 606 2703 γὰρ
626 2618 717 2692 διύλίς
739 2621 793 2691 ίςιν
814 2618 829 2694 ἢ
848 2618 946 2703 τύχης.
974 2610 1049 2683 Alie
1067 2622 1169 2686 exstan

160 2719 270 2786 similia
288 2718 447 2803 Euripidis
467 2718 551 2782 dicia
569 2732 603 2782 et
624 2717 727 2783 forma
748 2732 781 2783 et
803 2720 976 2783 sententia:
1000 2743 1029 2783 v.
1043 2742 1074 2784 c.
1097 2745 1170 2808 apua

160 2823 323 2887 Stobreum
346 2820 451 2884 Floril.
471 2819 536 2884 Tit.
552 2819 644 2884 CllI.
665 2842 697 2906 p.
712 2823 788 2905 562.
811 2818 979 2906 deinceps:
1002 2843 1041 2884 ex
1054 2823 1168 2888 Andro

161 2921 265 3000 medA,
279 2924 341 2984 Οὐκ
357 2919 422 2999 ίςιν,
438 2919 492 2995 ὐςις
507 2924 621 3006 &nocis
635 2920 682 3002 ίφύ
695 2924 856 3006 βροτῶν-ι
876 2941 914 2983 ex
925 2920 1120 2999 Alexandra,
1132 2926 1170 2986 Ὠ

161 3023 218 3099 ὐτις
239 3026 337 3108 ἀνδρῶν
359 3028 394 3098 είς
414 3022 512 3087 ἅπαντ’
526 3025 682 3104 εὐδαιμονεῖ.
719 3021 808 3085 Idem
831 3021 952 3085 didium
966 3022 1018 3085 alii
1031 3021 1071 3085 ad
1089 3043 1170 3109 paro

160 3126 244 3192 diem
272 3125 485 3192 adhibuerunt
514 3123 660 3189 Comici:
688 3147 717 3188 ν.
734 3147 763 3189 c.
799 3123 994 3188 Nicostratus
1015 3146 1068 3209 ap.
1092 3126 1170 3190 Stoh

161 3224 239 3294 ibid.
260 3250 294 3314 p.
308 3229 384 3313 563.
421 3231 484 3292 Οὐκ
502 3227 556 3299 ἔςιν
569 3224 623 3300 ὐςις
638 3225 717 3288 πάντ’
732 3229 796 3311 ἀνὴρ
815 3227 973 3307 εὐδαιμονεῖ.
1009 3229 1053 3302 Νη
1068 3228 1117 3304 τὴν
1130 3229 1170 3290 Ἀ

161 3334 254 3408 δηνᾶν,
268 3329 406 3410 συντόμως
419 3353 466 3413 γε,
479 3325 596 3410 φίλτατε
610 3325 752 3412 Εὐριπίδη,
772 3328 818 3389 τδν
836 3325 897 3405 βίον
911 3325 1011 3403 ῖθνριας
1032 3331 1068 3400 είς
1090 3324 1170 3413 ςίχον

161 3429 357 3516 Philippides
377 3450 430 3515 ap.
450 3426 600 3492 eumdem
612 3426 678 3492 Tit.
695 3427 783 3493 CVI.
805 3449 838 3513 p.
853 3428 938 3511 568:
955 3428 1049 3491 Ὅταν
1070 3434 1171 3516 ἀτυχεῖ

161 3557 204 3596 σοι
223 3528 349 3614 πνμτίση
367 3555 407 3609 τι,
428 3528 557 3607 δίσποπα,
580 3527 713 3614 Εὐριπίδει
732 3528 868 3608 μνίθητι,
887 3526 933 3606 κού
952 3526 1022 3615 ῥᾴων
1037 3528 1095 3614 ἔπη·
1122 3534 1170 3594 Οὐ

162 3633 215 3707 ίςιν
229 3630 284 3705 ὐςις
303 3631 381 3692 πάντ’
401 3634 465 3713 ἇνηρ
487 3631 642 3710 εὐδαιμονεῖ·
668 3628 747 3707 Εἶναι
766 3630 787 3690 δ’
806 3626 926 3692 ὐπίλαύε
940 3627 987 3708 καί
1000 3655 1033 3692 σε
1045 3640 1101 3693 τῶν
1114 3647 1170 3698 πολ

161 3743 216 3798 λῶν
240 3731 297 3795 lia.
332 3730 465 3794 Grotius
489 3729 522 3792 in
544 3727 651 3792 Floril.
675 3750 706 3813 p.
726 3747 802 3813 449.
827 3728 896 3792 haec
917 3730 1084 3794 continuat
1110 3753 1171 3797 cun

160 3835 233 3900 loco
251 3829 394 3921 proximo
412 3826 572 3914 Euripidis
593 3849 632 3891 ex
650 3828 826 3914 Hypsipyle
841 3826 915 3911 Ἔφυ
929 3830 980 3909 ’μὲν
993 3831 1074 3904 οὐδεὶς
1088 3831 1171 3907 ῖςιςο

77 4008 80 4015 ,
160 3941 242 4001 πονεῖ
261 3937 376 4021 βροτῶν,
397 3932 480 4018 quusi
504 3946 538 3995 et
559 3931 629 3995 haec
654 3929 841 4016 Philippidis
861 3931 977 3996 ell'ent:
1007 3930 1048 3995 de
1069 3935 1171 4019 quibu

161 4058 220 4107 nos
237 4054 369 4121 agemuo
383 4030 423 4095 ud
436 4052 470 4118 p.
484 4048 556 4092 110.
571 4032 607 4093 F.

205 4153 275 4220 103.
290 4135 330 4200 B.
350 4132 395 4198 Τι’
404 4157 445 4194 ποι
457 4129 549 4217 χρίων
564 4131 601 4192 οὐκ
616 4129 655 4202 ίςι
669 4134 708 4211 μὴ
722 4126 815 4216 χρίων
827 4134 936 4217 ποιεῖν]
949 4131 1082 4198 Grotius
1097 4133 1172 4203 hinc

159 4245 197 4300 ut
220 4232 356 4314 videtur,
378 4230 489 4301 retulit
510 4229 543 4294 in
565 4229 731 4317 Excerptir
755 4230 954 4321 incertorum
974 4232 1172 4320 Tragioorm
