2700 4928
275 302 333 380 718
465 310 503 371 D.
514 304 565 372 W.
582 300 789 371 Aumrauv.
810 311 856 370 IN
877 300 1107 371 muraucrll

277 472 319 539 tis
340 485 526 552 memorata,
550 487 584 538 et
607 475 641 537 P.
665 472 818 539 Scriverio
841 473 873 537 in
897 473 1032 538 collau.
1053 474 1128 538 Vet.
1148 472 1300 559 Trag.p.

281 573 352 656 185.

320 694 353 758 p.
371 676 441 736 106.
457 674 500 737 A.
528 676 625 749 Δοκιῖς
647 671 692 736 νίν
713 671 788 759 ᾅδην]
825 675 901 738 Νοιι
926 665 1001 737 alibi
1024 673 1192 751 servatum,
1216 671 1303 758 quod

278 774 430 843 sciamus:
454 775 529 838 hine
544 789 581 839 ut
602 798 641 840 ex
662 775 821 860 Euripidis
836 775 946 838 Danae
964 774 996 837 in
1019 777 1185 861 Excerptis
1199 774 1304 860 posuit

279 874 410 938 Grotius
432 896 464 959 p.
479 875 564 959 381:
588 874 639 940 sed
653 874 693 938 ad
717 874 858 960 ejusdem
879 874 998 961 Diuyn
1022 875 1180 939 revocavit
1201 875 1301 939 Bent-

277 975 358 1039 leius
372 976 468 1060 Epist.
485 974 525 1038 ad
539 974 681 1039 Millium
695 996 728 1060 p.
743 995 792 1055 14.
807 975 862 1059 qui
877 974 1093 1060 ἑκμεηιίχθηνταη
1107 997 1173 1040 non
1188 975 1302 1053 ferens,

277 1069 384 1162 legere
398 1076 485 1161 juffit
499 1076 749 1162 ἐμμεμόχλευνται,
765 1076 813 1140 vel
827 1080 963 1157 δεσμοῖσιν
980 1075 1196 1161 μεμίχλιυνσαι·
1207 1065 1211 1076 .
1222 1075 1303 1140 forte

279 1177 325 1240 nil
345 1176 503 1255 mutasset,
520 1177 572 1240 nifi
589 1176 658 1263 jam
673 1199 692 1240 a
706 1177 820 1241 Grotio
842 1175 1069 1261 ἐμμεμίχθηνταη
1082 1176 1243 1241 ὶιινεὲὶιιιῐι
1256 1177 1303 1240 vi·

278 1276 378 1341 diss'et.
415 1278 487 1362 Ego
511 1274 673 1362 vulgatam
698 1277 870 1340 leelionem
895 1300 959 1340 non
986 1291 1129 1358 mutem3
1161 1291 1196 1341 et
1219 1277 1306 1364 quod

279 1400 396 1444 omnes
409 1378 442 1441 in
456 1399 493 1441 ea
507 1378 707 1442 consentiunt
720 1378 791 1442 libri
812 1378 917 1456 nostri,
935 1392 969 1442 et
986 1377 1073 1464 quod
1090 1398 1167 1443 cum
1184 1378 1307 1464 linguae

280 1482 405 1546 ratione
430 1479 597 1544 convenire
624 1479 768 1558 videtum
799 1479 951 1565 siquidem
978 1479 1127 1544 Aelivum
1156 1482 1308 1565 ἑκμοχθεῖν

282 1583 430 1669 frequens
454 1581 496 1644 est
518 1579 673 1664 Euripidi,
700 1578 811 1665 quidni
838 1580 1002 1658 Paffivum5
1023 1600 1219 1664 quamquam
1241 1602 1311 1644 uno

280 1684 344 1748 hoc
365 1685 437 1746 loco
456 1681 587 1759 leolum,
602 1681 752 1766 probetur
775 1679 834 1743 hae
856 1680 998 1760 notione,
1020 1681 1052 1743 in
1066 1680 1198 1744 vinealis
1218 1681 1308 1768 desa-

280 1785 383 1871 rigati,
400 1783 531 1868 confudi,
553 1781 700 1868 corffumti,
723 1780 941 1844 contabuerunt.
976 1784 1019 1845 Et
1037 1782 1240 1867 Musgravius
1254 1800 1309 1848 tu-

279 1902 352 1950 etur
365 1886 537 1971 vulgatam.
573 1884 775 1970 Quamquam
785 1881 853 1967 jam
869 1882 1060 1947 Meziriacus
1074 1883 1114 1946 ad
1128 1885 1310 1971 marginem

281 1987 427 2072 apposuit
440 1985 513 2059 ἴσως·
532 1983 755 2069 ἐκμεμίχληνίαη.
780 1984 940 2047 Caeterum
955 1983 1040 2047 redte
1052 1981 1194 2049 defendit
1205 1985 1310 2051 Bent-

281 2088 361 2152 leius
385 2087 576 2173 elegantiam
603 2083 748 2148 dielionis
774 2084 860 2168 Ῥηίων
886 2083 965 2167 γένοι’
990 2082 1034 2163 ἂν,
1057 2106 1153 2169 quam
1176 2085 1313 2152 Grotius

281 2210 446 2275 perperam
461 2202 635 2252 mutaverat
648 2187 681 2250 in
696 2186 774 2271 Ῥᾴον
787 2187 872 2272 φέροις
885 2185 930 2248 ἄν.
962 2187 1014 2251 Sic
1028 2187 1194 2272 Euripides
1208 2190 1312 2254 Herc.

281 2291 355 2353 Fur.
377 2307 477 2368 1411:
505 2286 574 2372 ῥᾴων
596 2285 654 2371 ἴση.
691 2288 761 2349 lon.
780 2286 862 2370 893:
888 2285 959 2370 ῥᾴων
980 2286 1087 2368 lesum.
1119 2285 1312 2355 Plutarchus

282 2387 368 2473 Opp.
384 2390 471 2451 Mor.
486 2410 519 2471 p.
534 2389 671 2469 1103.F.
708 2384 899 2471 Philippides
919 2409 973 2473 ap.
989 2388 1081 2453 Stob.
1102 2390 1227 2473 p..568.
1247 2396 1312 2454 Εὐ-

281 2489 371 2575 ριπίδην
385 2488 522 2568 μνηὲνητι,
542 2487 589 2548 καὶ
605 2483 676 2572 ῥᾴων
701 2486 759 2572 ἴση.
797 2486 1026 2573 Theopompus
1049 2488 1202 2553 Comicus
1221 2493 1313 2576 apud

282 2589 476 2653 Athenaeum
492 2589 567 2651 XV.
587 2608 618 2671 p.
633 2590 707 2672 469.
723 2588 768 2651 B:
792 2587 877 2651 unde
890 2588 997 2652 sumsit
1010 2588 1143 2654 Grotius
1157 2591 1312 2678 Excerpt.

282 2714 315 2778 p.
330 2706 412 2776 553:
435 2693 475 2752 Ἡ
489 2689 556 2775 τρὺξ
569 2687 660 2774 ἄριςίν
680 2691 734 2760 ὲςιν
755 2693 789 2762 είς
804 2686 943 2769 situatas,
958 2690 1068 2768 Ταύτην
1087 2691 1167 2776 stips,
1183 2691 1229 2771 sui
1247 2694 1314 2781 ρᾄι

282 2793 329 2879 ἴση
350 2796 397 2870 τὴν
416 2790 508 2853 οὐσίαν
519 2809 533 2852 ν
551 2788 630 2852 mihi
650 2788 755 2853 adhuc
780 2791 931 2874 probatur
952 2803 1103 2855 annotata
1124 2791 1248 2859 dudum
1276 2796 1312 2861 in

281 2893 425 2979 margine
446 2876 528 2954 mea*
542 2889 743 2976 conjedluraz
773 2893 815 2952 ‘H
837 2894 905 2978 τρὺξ
927 2889 1018 2977 apua
1039 2896 1093 2965 ἐςιν
1111 2898 1146 2968 εἰς
1160 2897 1311 2961 aarum·

279 2994 389 3069 Ταύτην
401 2991 486 3071 arsis,
502 2990 573 3078 ῥᾴονι
586 2991 632 3077 ἔση
646 2994 693 3067 τὴν
707 2989 805 3077 αὔριον·
820 2993 939 3054 -ίισνιι
947 2994 982 3076 si
995 2992 1111 3074 biberis,
1127 3018 1193 3058 εισι
1207 2999 1313 3067 melius

281 3094 336 3158 libi
357 3094 432 3156 erit:
455 3116 512 3180 pro
533 3094 593 3180 νιίης
609 3091 654 3170 καί
676 3092 853 3157 Gronovius
874 3115 892 3157 e
911 3091 1092 3159 Florentino
1111 3085 1192 3162 libro
1206 3120 1311 3186 appo.

281 3196 342 3260 suit
355 3194 430 3272 πίης.
465 3195 608 3260 Julianus
624 3185 785 3279 Misopog.
802 3217 834 3278 p.
849 3213 924 3277 342.
940 3197 982 3258 A.
1019 3197 1179 3262 Caeterum
1195 3203 1308 3267 eadem

281 3296 420 3360 dielionc
433 3294 536 3359 utitur
555 3293 704 3358 Aristides
724 3296 761 3357 T.
779 3298 805 3358 l.
829 3317 862 3378 p.
878 3311 915 3378 27
919 3311 951 3378 5.
966 3315 1037 3382 292.
1052 3317 1128 3381 310.
1144 3319 1230 3385 315:
1256 3305 1309 3369 sed

281 3396 428 3463 etaltera
441 3396 544 3478 forma
556 3401 618 3482 ῥᾷον
632 3392 695 3457 rire
712 3395 738 3456 l.
752 3412 829 3478 545.

326 3499 398 3560 106.
413 3499 452 3560 B.
473 3500 563 3573 -σήν
577 3494 731 3580 Σωκράτας
746 3500 840 3576 φωνην,
859 3501 906 3576 τὴν
921 3497 1036 3579 οἰομένην
1048 3504 1070 3562 ri
1087 3503 1309 3590 συνεισενέγκαι-

281 3601 386 3685 μεν-]
420 3599 470 3660 Ex
491 3597 546 3660 sua
570 3597 634 3682 ipse
658 3597 790 3681 persona
810 3600 999 3682 pronunciat
1020 3603 1209 3670 Herodotus
1229 3610 1308 3674 Vll.

286 3717 364 3786 152:
390 3698 522 3778 ἐπίςαμαη
535 3699 562 3760 ii
575 3704 700 3774 τοσοῦτο,
716 3696 755 3759 ὅτι
770 3703 792 3760 εί
805 3699 903 3774 πάντες
917 3699 1051 3787 ἅνθρωποι
1070 3709 1107 3766 τὰ
1122 3708 1212 3783 νίκῆῑα
1231 3718 1309 3775 κακαὶ

281 3810 317 3879 είς
333 3801 417 3886 μέσον
430 3799 614 3876 συνενείκαιεν,
633 3799 804 3880 ἆλλάξαθαη
822 3802 969 3884 βαλόμενοι
988 3808 1059 3867 raim
1078 3807 1241 3890 πλησίοισι,
1256 3816 1308 3898 ’ey-

282 3906 417 3982 κύψαντες
431 3899 464 3963 νίν
478 3904 513 3974 εἷς
527 3904 565 3962 rol
578 3907 631 3961 τῶν
646 3897 734 3972 πέλας
747 3905 835 3978 κακαὶ,
850 3903 995 3978 ἀσπασίως
1010 3903 1102 3979 irrufes
1117 3908 1220 3974 αύσίννν
1234 3916 1307 3977 beo.

282 4005 405 4092 φερνίατν
420 3999 505 4064 irrisor
523 4003 560 4062 roi
576 3998 751 4082 ὲσενείκαντσ,
788 4000 938 4065 Solonem
954 4003 1029 4069 didli
1051 4007 1216 4075 authorem
1231 4012 1310 4079 facit

280 4104 425 4170 Valerius
453 4099 616 4166 Maximus
637 4099 714 4162 Vll.
738 4116 768 4162 2.
792 4100 923 4164 Extern.
945 4122 984 4169 σε
1015 4107 1099 4172 Idem
1119 4109 1243 4193 aiebat.-
1275 4116 1311 4181 st

281 4205 314 4270 ιἰι
337 4230 428 4271 unum
453 4203 544 4268 locum
566 4198 661 4265 ιιινιέίἱ
686 4197 766 4263 mala
786 4200 850 4286 surr
876 4203 1068 4294 contulifflnt,
1085 4210 1246 4299 sutum,
1275 4230 1310 4282 ην
