2700 4928
154 194 234 313 ,nis
342 238 447 302 nw.
465 237 673 299 numana
695 236 744 334 m
764 235 1003 297 murnucsu

157 417 212 483 λι,
226 404 263 479 οὖς
276 407 327 478 τοὶς
339 404 391 484 μὶν
404 402 501 478 σύλας
514 400 711 484 κεκλασμένας
724 401 787 466 alls.
824 400 912 467 Cum
931 396 1081 485 responso
1095 394 1185 463 Cleo·

16 582 21 592 ι
159 504 262 571 menis
284 505 434 593 congruit
451 502 691 591 quodammodo
708 503 813 569 cautla
833 501 1003 568 reditionis
1020 501 1186 587 Spartano·

159 630 231 689 rum
255 607 380 695 prodita
406 608 494 694 apud
520 607 723 688 Pausaniam
755 631 792 671 νιο
815 603 1027 694 pugnantibus
1054 601 1189 698 adversus

160 707 295 773 mulieres
309 723 337 774 ct
349 709 446 774 clades
461 711 556 799 turpis
567 711 685 796 futura
699 711 776 797 effes,
792 720 821 773 et
835 707 964 773 vilioris
977 704 1140 792 inuidiosa.

205 830 278 897 223.
295 811 334 875 C.
357 810 409 897 5'·]
439 811 528 877 Huic
549 811 647 878 limile
663 813 706 877 est
727 810 808 877 illud
830 808 981 896 Aristippi
1002 805 1092 893 apud
1112 804 1190 871 Dio·

160 934 278 998 genem
305 914 412 978 Laert.
436 915 481 978 ll.
498 933 558 998 70:
585 916 704 997 τοῦμὲν
725 921 818 988 νιαιιὸις
840 912 934 998 sipara
955 912 993 975 σὺ
1016 913 1065 988 τὴν
1084 908 1191 988 teuta

160 1013 243 1100 ίχας·
264 1023 313 1079 τοῦ
333 1017 361 1079 δὲ
379 1020 417 1098 μὴ
431 1017 536 1083 ἀνοσίαν
550 1018 619 1102 lyd.
656 1015 744 1083 Hinc
759 1018 851 1083 Sent.
864 1016 993 1080 Anton.
1008 1028 1046 1079 et
1058 1012 1148 1079 Max.
1160 1033 1190 1100 p.

161 1116 235 1183 260.

202 1237 277 1304 223.
291 1220 336 1283 Ι).
359 1217 413 1305 ζ’.]
439 1219 633 1306 Responsum
654 1217 795 1308 ejusdem
814 1217 1013 1307 argumenti,
1034 1237 1097 1282 nec
1113 1214 1191 1281 diffi-

161 1318 245 1384 milis
267 1319 391 1401 forma,
411 1320 550 1409 legimus
572 1345 606 1409 p.
623 1324 697 1390 216.
711 1321 756 1387 A.
777 1318 895 1409 Agidis
910 1316 955 1383 ιε’.
991 1318 1073 1383 Ηοο
1094 1315 1192 1405 ipsum

161 1422 259 1489 exstat
272 1422 305 1487 in
321 1424 490 1490 Herodoto
506 1427 569 1490 111.
581 1428 636 1506 46.

208 1544 283 1611 223.
299 1525 344 1590 D.
367 1525 415 1612 η’.]
444 1529 492 1592 Ut
512 1527 714 1615 proverbium
737 1525 886 1615 proditur
908 1524 943 1589 in
965 1520 1101 1589 Schotti
1121 1521 1191 1587 Me·

161 1625 250 1693 tricis
265 1628 339 1713 885.
352 1630 451 1716 Ἀρετὴ
467 1633 594 1717 βραδεῖα,
610 1631 741 1713 σιίντομος
753 1629 876 1716 πονηρία·
901 1628 981 1692 item
1001 1627 1046 1693 ab
1069 1624 1192 1689 Erasmo

160 1728 268 1818 Adag.
291 1752 324 1816 p.
341 1733 425 1818 763:
448 1732 511 1797 fine
525 1733 655 1800 ansioae
668 1732 734 1799 illic
753 1731 880 1819 peffime
894 1729 1057 1808 redditur,
1076 1727 1193 1815 Ιμσνο

159 1832 258 1898 virtus
279 1833 389 1922 exigua
411 1836 543 1923 nequitia
564 1835 625 1922 est:
653 1835 770 1902 redius
791 1833 879 1921 apud
903 1833 1017 1898 huncr
1052 1831 1191 1919 Campans

159 1935 261 2001 diaria
275 1960 320 2000 res
331 1936 514 2024 improbitas,
528 1939 627 2005 virtus
641 1938 743 2026 longa.

202 2057 275 2124 223.
286 2039 331 2105 D.
350 2039 404 2126 82]
431 2040 517 2107 Cum
533 2041 595 2107 hoc
610 2040 712 2129 potest
725 2037 862 2106 conferri
876 2035 1003 2103 diuum
1017 2032 1191 2101 Alcibiadi

157 2138 198 2219 β’.
215 2141 308 2227 supra
322 2163 354 2227 p.
374 2142 445 2206 186.
460 2143 505 2206 D.

202 2261 275 2330 223.
291 2245 330 2308 Ε.
353 2243 416 2328 ια’.]
442 2243 635 2330 Hujusmodi
651 2243 713 2309 suit
732 2242 859 2309 Periclis
873 2240 992 2319 caussa,
1016 2239 1059 2305 de
1077 2262 1142 2327 qua
1160 2237 1188 2303 in

157 2344 227 2431 ejus
249 2346 325 2410 Vita
348 2344 537 2409 Plutarchus
559 2367 592 2431 p.
611 2361 683 2430 173.
699 2348 749 2411 A:
774 2359 809 2410 et
828 2343 938 2410 Bionis
959 2343 1192 2432 Borysthenitn

157 2445 242 2532 apud
255 2444 437 2531 Diogenem
453 2448 560 2534 laert.
580 2447 638 2511 lV.
653 2460 709 2531 54.

201 2566 276 2632 223.
292 2549 326 2612 F.
349 2544 414 2631 ιγ’.]
443 2547 480 2609 ln
502 2546 588 2610 bello
611 2562 744 2634 propter
768 2547 928 2634 Thyream
943 2545 1046 2633 gesto.
1082 2543 1190 2611 'salem

157 2648 329 2737 quamdam
357 2647 447 2713 fuisse
476 2647 648 2713 formulam
674 2647 896 2736 jurisjurandi,
927 2670 992 2735 qua
1022 2647 1055 2712 se
1082 2644 1189 2735 Argivi

156 2751 385 2818 obstrinxerant
403 2773 468 2815 non
484 2751 570 2837 prius
583 2774 692 2816 comas
716 2750 812 2830 alere,
827 2771 925 2836 quam
947 2747 1078 2813 cladem
1092 2748 1188 2813 visto·

156 2853 203 2917 ria
223 2853 492 2940 compensassent:
516 2853 680 2941 colligitur
701 2875 740 2918 ex
760 2852 892 2918 Platone
913 2850 947 2915 in
971 2850 1137 2917 Phaedone
1157 2871 1186 2937 p.

154 2956 231 3041 389.
247 2958 289 3020 F:
313 2955 416 3042 ἔνορκον
429 2953 463 3019 av
475 2956 660 3038 ποιησαίμην,
681 2954 772 3042 domae
787 2957 922 3041 Ἀργεῖοι,
935 2957 976 3036 μὴ
989 2953 1129 3040 πρότερον
1142 2979 1188 3017 κο·

155 3058 250 3140 μίησειν
271 3058 333 3144 πρὶν
352 3056 386 3121 οίν
404 3058 504 3135 νικήσω
523 3058 735 3143 ἀναμαχόμενος
755 3059 802 3121 τὸν
823 3055 947 3139 Σιμμίου
968 3082 1000 3121 τι
1022 3057 1046 3143 ‘i
1069 3055 1188 3134 Κίὲητνς

156 3159 251 3245 λίνον.
283 3160 363 3223 Rem
385 3157 447 3225 fine
467 3159 530 3224 hoc
552 3162 647 3224 verbo
666 3160 857 3245 ἀναμάχεσθαι
876 3170 984 3223 narrat
1003 3158 1189 3224 Herodotus

158 3264 185 3326 1.
202 3261 255 3328 82.
292 3261 368 3324 Huc
389 3260 461 3324 sane
482 3261 558 3327 disti
580 3282 716 3326 acumen
731 3261 879 3340 refertur,
897 3259 1045 3348 προθέσει
1060 3260 1105 3324 δύο
1118 3273 1188 3326 σολ-

156 3361 262 3443 nasus,
276 3360 389 3427 duabis
403 3360 529 3449 syllabis
542 3363 686 3450 adjedis,
701 3386 760 3450 pro
773 3364 911 3450 μᾶχιθοη
923 3362 1107 3450 usurpando
1120 3369 1187 3428 ἄνα·

155 3467 306 3554 μάχιθαμ
339 3466 391 3530 De
408 3488 472 3551 quo
494 3469 591 3531 verbo
612 3467 827 3552 exposuimus,
845 3479 880 3531 et
900 3466 980 3530 alios
1000 3465 1188 3555 interpretes

155 3568 353 3635 laudavimus
366 3567 408 3632 ad
421 3566 646 3654 Julianillmp.
663 3569 720 3634 Or.
738 3570 764 3633 l.
791 3590 825 3655 p.
842 3587 894 3649 24.
909 3568 955 3633 D.
978 3567 1013 3633 in
1033 3568 1188 3635 Biblioth.

158 3670 239 3737 Crit.
256 3670 331 3736 Vol.
348 3671 409 3735 Ill.
424 3670 507 3734 Part.
525 3670 570 3733 ll.
588 3692 622 3756 p.
640 3688 692 3756 23.

201 3791 275 3859 223.
291 3776 326 3838 F.
349 3769 408 3858 rifi]
434 3770 534 3836 Haud
555 3771 619 3836 scio
640 3793 681 3835 an
701 3770 764 3836 hoc
782 3771 885 3858 magis
906 3769 1079 3837 conveniat
1092 3770 1187 3838 Cleo·

156 3875 244 3940 meni
259 3875 323 3941 Ill.
345 3872 438 3961 cujus
458 3872 536 3938 Vita
548 3872 646 3938 'exstat
666 3895 686 3936 a
708 3872 878 3938 Plutarcho
900 3872 1094 3959 conscripta.
1131 3874 1189 3938 Pro

158 3975 248 4042 καίτοι
271 3979 401 4064 περισσοὶ
424 3974 504 4040 dant
528 3973 627 4062 ναίοις
652 3978 733 4041 ίκανοὶ
753 3977 785 4040 J.
806 3977 924 4040 Venet.
951 3975 1048 4041 Harl.
1071 3973 1188 4041 collat.

155 4076 429 4145 Muret.Ja1mot.
451 4077 541 4142 Mea.
557 4075 599 4140 T.
617 4076 661 4140 P:
685 4087 718 4140 et
740 4097 800 4161 pro
823 4098 889 4142 uno
907 4075 1000 4141 καίτοι
1025 4077 1085 4145 dat
1105 4073 1189 4145 Vos.

155 4176 275 4270 καίνιςο
298 4178 378 4253 ΑΙά.
391 4177 462 4243 Bas.
477 4175 555 4266 Xyl.
570 4176 592 4265 ’i
607 4175 675 4265 περὶ
689 4176 778 4253 κακαί.

409 4460 557 4520 Α
