2700 4928
200 352 203 356 ’
345 367 846 432 mncnrracomucmm.
865 370 1012 446 pmcn
1132 379 1190 443 τοι

149 533 209 622 jus
223 532 376 599 vocabuli
391 533 536 599 notiones
547 533 716 621 explicare,
729 554 815 598 nunc
826 554 892 597 non
906 530 1031 596 attinet.
1053 530 1105 597 Est
1119 540 1193 599 ve'ro

159 633 336 700 discrimen
351 634 435 699 inter
447 634 558 722 τάτριον
572 647 607 699 et
619 635 762 720 πατρικὸν,
777 633 857 697 illud
869 632 911 697 est
921 631 1067 718 patrium,
1081 631 1122 696 ad
1136 653 1193 720 pa·

160 735 259 800 triam
282 748 318 800 et
335 734 496 799 civitatem
518 736 698 823 pertinens:
727 735 789 799 hoc
807 746 976 821 paternum,
998 731 1038 796 ad
1057 745 1193 819 patrem,

163 856 253 914 evoe,
269 857 415 922 proavos,
431 836 565 922 majores
578 834 718 921 ejusdem
732 834 839 922 gentis
856 833 1008 920 spectans,
1024 832 1115 920 cujus
1128 834 1194 899 for-

165 956 220 1000 ma
237 935 388 1022 quodam
403 942 540 1022 πατρῷον,
554 936 668 999 leviore
683 936 779 999 etiam
798 934 963 999 intervallo
977 932 1091 997 distans
1104 955 1123 998 a
1136 960 1196 997 τοι-

163 1041 264 1120 τριοιῷ.
301 1036 405 1123 Igitur
419 1038 438 1101 fi
453 1039 498 1100 riv
511 1036 622 1122 πάτριον
635 1037 738 1117 θεσμὸν
752 1034 961 1120 intelligimus
971 1032 1126 1120 gentilitia
1136 1035 1195 1120 sa·

166 1158 233 1213 cra,
257 1134 376 1222 linguar
397 1137 471 1200 usus
493 1136 645 1200 desideret
664 1135 807 1222 τοτςοιὸν.
843 1132 890 1200 A‘t
912 1155 1015 1219 neque
1030 1132 1196 1200 discrimen

166 1234 232 1299 hoc
255 1235 302 1300 ita
321 1238 497 1302 constanter
518 1237 671 1301 observari
692 1259 711 1299 a
731 1236 957 1321 scriptoribus,
971 1234 1089 1299 docent
1104 1237 1196 1300 Grae·

168 1334 238 1399 rius
252 1348 288 1399 et
299 1336 421 1401 Jentius
435 1335 476 1401 ad
492 1335 626 1400 Luciani
640 1335 831 1401 Soloecistnm
849 1337 887 1400 T.
904 1337 966 1400 III.
986 1357 1020 1422 p.
1032 1337 1113 1418 561:
1138 1358 1196 1401 ne-

166 1458 231 1520 que
247 1436 435 1523 praesentem
448 1437 557 1502 locum
571 1437 654 1502 tueri
668 1460 732 1501 non
746 1437 918 1522 poffumus,
934 1439 953 1500 fi
968 1459 1043 1501 eum
1053 1436 1097 1512 ,de
1112 1438 1196 1522 pub·

169 1535 239 1599 licia
254 1536 391 1605 civitatis
406 1536 499 1602 sacris
513 1538 717 1623 accipiamus.
753 1540 796 1601 Et
814 1536 917 1624 πάτριοι
934 1535 1064 1622 quidem
1083 1536 1144 1600 effe
1160 1542 1199 1601 τὰ

168 1642 216 1714 τῆς
229 1637 333 1711 τέλειος
347 1638 408 1718 ἔθη,
424 1637 511 1725 quod
525 1637 622 1702 tradit
644 1637 836 1703 Ammonius
858 1639 909 1702 Dc
929 1635 1116 1702 Differentia
1127 1638 1197 1702 Vo-

170 1738 243 1805 aab.
265 1760 300 1824 p.
318 1759 392 1818 111,
414 1739 555 1803 universe
577 1760 687 1806 verum
706 1739 762 1817 est,
780 1760 879 1823 eaque
902 1738 966 1801 fere
984 1760 1049 1802 una
1068 1737 1199 1805 notione

169 1838 235 1904 hoc
257 1862 377 1905 nomen
399 1840 559 1926 usurpavit
580 1839 778 1918 Plutarchus,
799 1838 878 1903 adeo
897 1837 1026 1924 quidem
1047 1840 1140 1925 saepe,
1162 1852 1200 1905 ut

171 1941 309 2029 longum
328 1943 364 2007 fit
383 1965 495 2007 omncs
512 1942 582 2028 ejus
601 1941 716 2006 referre
737 1941 836 2005 locos.
874 1943 1026 2004 Attamen
1041 1962 1089 2003 res
1102 1940 1202 2007 habet

171 2041 313 2129 aliquam
328 2042 560 2129 exceptionem.
590 2043 676 2106 Nam
687 2040 857 2127 Dionysrus
871 2039 947 2103 Hal.
961 2039 983 2103 l.
996 2040 1020 2104 1.
1041 2040 1085 2104 A.
1100 2042 1137 2106 R.
1150 2043 1199 2109 11.

173 2161 226 2229 30.
242 2142 370 2228 empta.
384 2143 524 2224 ἐθισμοὺς,
540 2164 630 2205 mores
643 2140 813 2226 nuptiarum
831 2138 993 2225 gentilitios
1008 2128 1200 2207 nominarit:

174 2256 205 2310 et
220 2243 411 2308 Plutarchus
425 2243 458 2306 in
473 2242 586 2308 AEmil.
602 2241 698 2306 Paulo
719 2262 752 2328 p.
771 2255 842 2325 275.
859 2240 899 2308 C.
921 2238 989 2318 αὕτη
1005 2244 1062 2329 γὰρ
1075 2240 1201 2318 'Anius

176 2343 336 2432 ᾗσολιτοξα
351 2345 482 2431 πάτριος·
506 2345 554 2406 bic
574 2343 650 2406 enim
671 2353 736 2405 erat
755 2365 812 2405 mos
827 2341 990 2430 Appiorum
1011 2341 1043 2404 in
1062 2355 1124 2429 rep.
1143 2368 1200 2430 ge-

176 2448 278 2525 renda,
295 2461 333 2510 ut
346 2444 550 2531 optimatium
572 2455 694 2530 partem
717 2454 901 2508 tuerentur:
925 2443 987 2509 hoc
1006 2452 1074 2509 erat
1089 2444 1202 2531 gentile
1333 2468 1341 2477 ·

178 2545 359 2632 institutum:
383 2567 462 2631 ergo
481 2543 652 2608 dicendum
670 2544 773 2609 fuerat
786 2548 911 2630 σοιτριοιὴ
924 2543 1068 2622 πολιτεία,
1089 2544 1201 2608 secun·

180 2647 253 2712 dum
269 2647 401 2734 quidem
421 2646 507 2710 illam
525 2645 816 2710 Grammaticorum
839 2667 1004 2710 normam:
1035 2645 1130 2709 leelio
1152 2660 1202 2710 ta·

179 2770 249 2813 men
274 2750 350 2813 sana
370 2770 429 2811 nec
452 2745 645 2810 sollicitanda
665 2747 726 2825 est3
755 2769 948 2832 quamquam
969 2744 1139 2830 aliquando
1160 2746 1201 2810 li-

179 2850 270 2914 brarii
284 2862 448 2914 errarunt:
472 2848 574 2935 veluti
582 2848 614 2911 in
635 2847 753 2912 Pericle
774 2870 807 2933 p.
827 2848 898 2911 168.
913 2849 959 2910 E:
982 2848 1043 2924 τοὺς
1056 2848 1083 2909 δὲ
1097 2874 1201 2933 epaen-

179 2952 252 3034 γοὺς,
268 2951 334 3014 ὅταν
350 2950 464 3033 ὀμνύωσι
484 2951 529 3013 τὸν
549 2953 688 3035 πατρικὸν
709 2949 797 3037 ὅρκον,
817 2950 950 3032 ἐπομνύειν
965 2948 1005 3012 ὅτι
1020 2951 1057 3024 δὶς
1074 2954 1128 3013 ἀνὰ
1141 2956 1203 3014 πᾶν

180 3051 234 3127 ἔτος
250 3057 286 3126 οἷς
305 3056 353 3130 τὴν
375 3056 538 3138 Μεγαρικὴν
559 3050 720 3134 ἒμὸοιλοῦσι·
745 3052 800 3115 ubi
822 3052 923 3116 codex
941 3051 1133 3132 Moscuenfis
1152 3074 1203 3116 re·

180 3152 260 3216 &ius
274 3153 331 3239 dat
343 3153 467 3236 πάτριον.
499 3151 587 3219 Plato
601 3156 681 3240 Leg.
697 3154 758 3216 III.
773 3176 806 3239 p.
818 3154 893 3236 586.
906 3155 955 3216 D:
978 3155 1022 3215 §tt
1035 3159 1092 3240 γὰρ
1105 3154 1203 3241 *speira-

178 3253 257 3334 ματά
280 3253 324 3326 i5i
342 3279 385 3317 τιν
407 3258 463 3327 τοῖς
484 3256 509 3314 ἦν
530 3253 617 3339 τούτῳ
632 3258 672 3338 τῷ
685 3252 759 3340 pigo
772 3259 818 3329 τῆς
832 3254 948 3339 περιέδει
964 3254 1118 3339 γεγονόσιν,
1138 3259 1204 3318 ἀλλ’

180 3351 254 3416 ἔθεον
269 3354 317 3415 xai
331 3357 387 3426 τοῖς
401 3351 557 3436 λεγομένοις
570 3357 719 3438 πατρικοῖς
734 3353 820 3434 νόμοις
835 3356 926 3434 ζῶσιν.
957 3353 1106 3418 Cratinus
1119 3354 1206 3440 apud

181 3454 305 3518 Athen.
328 3456 403 3519 XV.
425 3474 459 3539 p.
475 3455 550 3537 667.
565 3457 607 3518 F:
632 3458 659 3516 ὲν
674 3459 845 3541 τατςικοῑσιν
856 3454 962 3535 νόμοις,
985 3478 1049 3519 non
1063 3462 1205 3541 apparet,

180 3567 291 3619 utrum
311 3553 352 3619 de
372 3554 517 3641 paternis,
538 3554 636 3618 ande
656 3555 775 3641 patriis,
799 3554 895 3618 dicat.
937 3555 1001 3620 Sed
1022 3555 1110 3621 Plato
1132 3556 1208 3621 alibi

180 3657 307 3725 eosdem
329 3658 468 3746 οτατςῖονς
491 3657 573 3740 νέμεις
594 3671 686 3722 vocat
699 3683 712 3722 ο
737 3661 914 3745 Leg.V11.
938 3682 970 3745 p.
990 3661 1064 3745 629.
1085 3660 1140 3722 D:
1169 3661 1208 3720 rol

179 3759 340 3842 καλούμενα
354 3760 403 3821 ὑπὸ
416 3767 469 3821 τῶν
482 3767 592 3822 πολλῶν
610 3756 728 3843 οἷγροιφοι
745 3759 856 3841 νόμιμοι·
880 3760 902 3845 οὲ
917 3758 960 3843 οὓς
972 3758 1097 3845 πατρίοις
1116 3757 1209 3837 νόμους

180 3860 527 3941 &topazum-tecm}
553 3865 610 3946 γοὶρ
632 3859 702 3922 οὗτοι
725 3861 815 3938 τᾶσης
836 3862 888 3949 tici
911 3860 1057 3934 πολιτείοις·
1081 3880 1146 3943 quo
1168 3881 1209 3922 ne

177 3958 254 4045 quie
272 3958 424 4023 indu6tun
442 3959 588 4024 mutandi
609 3959 757 4046 cupidus,
779 3960 852 4026 loco
870 3961 1014 4048 prasenti
1034 3959 1145 4044 πάτριον
1163 3959 1208 4020 δο-

176 4064 252 4144 opu
267 4061 426 4149 corrigere
439 4075 554 4142 tentet,
570 4086 618 4128 res
633 4062 699 4149 ipsa
711 4063 783 4129 satis
798 4077 920 4129 monet.
944 4064 1025 4146 XlI.¹
1038 4085 1070 4148 p.
1081 4063 1155 4146 693.
1169 4062 1208 4128 B.

177 4160 261 4242 νόμος
282 4167 295 4223 ὁ
315 4162 428 4247 πάτριος
449 4164 492 4226 est
513 4162 629 4246 tradita
648 4164 823 4250 antiquitus
845 4162 954 4248 opinio
971 4163 1011 4227 de
1029 4160 1208 4251 animorum

169 4260 447 4342 immortalitate:
471 4262 609 4330 fimiliter
622 4261 812 4348 Epinomide
832 4283 866 4349 p.
882 4266 956 4345 762.
969 4262 1016 4328 E:
1040 4273 1079 4330 ut
1091 4260 1209 4348 τιὰτριος
