2700 4928
275 320 355 382 nas
467 276 571 385 nm.
591 322 801 382 sumanv.
820 322 870 382 m
890 318 1136 383 enormem

274 485 381 551 tuiffet
403 485 603 566 Plutarchus,
624 485 680 551 nisi
701 484 836 551 modum
858 484 1036 572 quemdem
1053 484 1089 551 in
1103 483 1204 573 copia
1215 494 1312 549 &nm

274 586 429 653 voluisset.
463 586 595 653 Nullius
612 586 700 653 enim
720 587 816 653 facile
834 587 949 653 veteris
965 586 1114 653 austeris
1132 601 1204 653 tarn
1220 584 1313 651 multe

274 689 407 755 suerunt
420 704 454 755 et
468 689 629 756 celebrata
642 689 715 755 sunt
728 702 824 756 acute
839 690 1010 777 fecereque
1020 687 1127 770 dista,
1142 712 1243 777 quam
1261 688 1310 754 ci·

273 792 411 858 coronis.
435 792 567 858 Constat
580 790 679 873 enim,
691 814 780 872 eum,
795 804 833 857 ut
845 792 998 859 universae
1013 790 1219 881 eloquentie
1233 791 1308 880 prin·

273 893 392 980 cipem,
407 892 455 959 ita
467 892 550 960 hanc
565 892 635 982 ejus
648 908 771 981 partem
787 892 921 959 mirifice
933 893 1084 975 tenuiffe,
1100 916 1179 981 quoe
1194 893 1308 973 sums,

271 994 424 1073 dicteriis,
441 1009 476 1061 et
490 994 615 1061 facetiis
630 995 827 1074 continetur,
842 994 974 1083 ejusque
987 1008 1024 1060 et
1038 993 1207 1060 rationem
1220 1016 1306 1061 eccu-

271 1112 339 1161 rate
360 1096 570 1184 perspe&am‚
594 1110 629 1163 et
653 1096 840 1161 facultatem
864 1095 907 1161 ad
927 1094 1070 1161 subitum
1086 1096 1185 1163 usum
1209 1118 1305 1185 prout·

271 1209 339 1263 tam
355 1198 602 1286 expeditamque
618 1197 771 1264 habuisse.
809 1197 916 1287 Igitur
934 1197 955 1263 fi
974 1197 1050 1285 quis
1064 1196 1120 1264 vel
1137 1220 1181 1265 ex
1197 1198 1246 1279 iis,
1258 1197 1305 1285 qui

271 1301 436 1387 supersunt
460 1300 625 1366 Ciceronis
639 1300 739 1381 libris,
758 1299 829 1389 ejus
850 1301 884 1366 in
903 1299 968 1365 hoc
981 1322 1109 1387 genere
1123 1298 1213 1367 dida
1224 1300 1303 1367 colli·

268 1424 348 1491 gere
361 1402 450 1484 velit,
465 1402 542 1468 huic
557 1418 667 1489 parata
680 1401 757 1491 justi
772 1402 941 1468 voluminis
963 1402 1059 1468 instar
1072 1405 1214 1471 materia
1224 1404 1301 1469 adst.

271 1504 338 1570 Sed
358 1504 488 1584 Cicero,
505 1520 544 1571 ut
566 1505 694 1592 copiam
716 1504 869 1593 colligere
893 1504 1014 1572 solebat
1035 1505 1192 1571 omnium
1212 1504 1303 1571 omnir

272 1606 428 1673 dostrinae
454 1606 613 1687 locorum,
641 1628 723 1694 quos
749 1605 921 1693 aliquando
948 1623 1153 1695 expurgaret
1181 1623 1217 1674 ct
1238 1606 1301 1673 scri·

271 1709 380 1777 bendo
404 1707 584 1789 illustraret,
608 1709 654 1774 ita
677 1708 859 1796 hujusmodi
881 1708 967 1774 disla
987 1709 1129 1798 collegit
1148 1710 1192 1777 ad
1213 1710 1302 1798 expli·

271 1811 413 1878 candum
434 1811 522 1876 hunc
546 1810 647 1898 ipsum
666 1810 776 1876 locum
798 1810 835 1874 dr
853 1808 978 1875 ridiculo
1003 1810 1039 1876 in
1063 1810 1153 1878 libro
1177 1810 1302 1879 secundo

271 1919 325 1983 De
344 1918 492 1996 Oratore,
514 1929 583 1980 tum
606 1913 759 2002 majorem
781 1913 878 1979 etiam
899 1911 1148 1979 multitudinem
1170 1914 1302 2002 proprio·

272 2040 347 2087 rum
361 2020 490 2084 suorum
503 2016 663 2083 <lidorum
677 2017 710 2080 in
721 2013 900 2080 adversariis
912 2014 1040 2079 servasse
1050 2014 1194 2082 videtur.
1217 2016 1302 2083 certe

271 2121 326 2187 alii
348 2119 434 2187 dotti
456 2118 603 2185 homines
625 2118 721 2198 dtas,
742 2140 814 2205 quae
837 2130 909 2182 tum
934 2115 1104 2182 Ciceronis
1127 2118 1256 2184 nomine
1272 2128 1302 2181 et

270 2226 461 2293 auctoritate
487 2225 659 2300 ferrentur,
687 2221 796 2288 sedulo
825 2219 1126 2287 animadvertebant
1151 2236 1188 2289 ct
1210 2225 1299 2288 serra·

270 2330 368 2394 bant:
391 2326 570 2414 cujusmodi
588 2325 726 2389 studium
740 2338 874 2411 apparet
894 2322 982 2388 fuisse
1000 2323 1176 2391 Volumnii
1194 2328 1300 2391 Eutra-

269 2428 347 2515 peli,
370 2440 404 2492 et
423 2427 518 2513 ipsus
541 2426 581 2491 C.
595 2426 674 2492 Julii
692 2425 836 2505 Caesaris,
850 2447 890 2491 ex
905 2424 1001 2512 Epist.
1017 2423 1075 2490 Ad
1090 2426 1218 2493 Divers.
1231 2426 1298 2493 Vll.

269 2545 325 2614 32.
349 2527 410 2591 IX.
429 2529 480 2591 16.
516 2528 629 2613 quue
645 2527 751 2591 minus
767 2525 982 2593 dubitandum
1001 2525 1058 2607 est,
1073 2528 1155 2612 quin
1175 2528 1245 2595 hec
1255 2527 1298 2593 di·

269 2629 324 2695 δὶα
338 2628 516 2709 Ciceronis,
531 2628 581 2693 vel
594 2627 636 2693 ab
650 2628 725 2708 alio,
741 2628 790 2692 vel
805 2630 846 2693 ab
860 2627 929 2715 ejus
943 2627 1060 2693 liberto
1070 2629 1196 2697 Tirone
1208 2630 1297 2695 tribus

269 2733 360 2798 libris
373 2732 601 2819 comprehensa
614 2747 649 2796 et
662 2730 694 2796 in
711 2731 826 2817 vulgus
841 2730 939 2809 edita,
954 2744 991 2794 ut
1006 2732 1100 2797 testes
1115 2733 1190 2799 sunt
1202 2734 1296 2821 982-
1315 2722 1320 2735 ’

271 2835 419 2901 stilianus
442 2834 542 2899 lusit.
566 2835 624 2898 Or.
639 2834 700 2898 VI.
715 2853 748 2919 3.
772 2853 805 2919 p.
818 2850 895 2916 527.
915 2845 948 2897 ct
967 2832 1158 2897 Macrobius
1179 2833 1294 2897 Sarum.

270 2937 318 3001 II.
343 2958 372 3003 1.
400 2935 457 3003 illo
484 2951 628 3021 tempore
652 2934 803 3000 dodrinae
827 2932 965 2998 studiosis
991 2932 1102 3018 paslim
1116 2934 1295 3023 „cognitset

269 3059 290 3102 a
309 3037 479 3103 Plutarcho
501 3036 657 3101 derebus
681 3035 845 3100 Ciceronis
867 3034 1017 3100 scribenti
1037 3034 1082 3103 ad
1103 3036 1198 3103 usum
1213 3033 1292 3103 adhi-

271 3138 337 3205 bita
357 3137 487 3205 fuerint.
529 3160 532 3165 ·

314 3258 389 3319 204.
404 3241 442 3303 E.
465 3236 520 3322 α’.]
546 3240 582 3302 In
598 3237 675 3302 Vita
689 3234 854 3304 Ciceronis
868 3256 902 3322 p.
915 3236 990 3301 861.
1009 3235 1050 3302 C.

315 3360 390 3423 204.
407 3342 445 3404 E.
466 3339 521 3424 β’.]
548 3339 684 3403 Ibidem.

314 3463 388 3526 204.
405 3446 440 3510 F.
463 3442 520 3528 γ’.]
549 3440 672 3507 Ibidem
686 3462 719 3527 p.
733 3441 808 3527 865.
824 3440 867 3506 C.

315 3565 389 3630 204.
405 3548 441 3613 F.
464 3545 512 3629 l‘.]
539 3544 662 3609 ibidem
678 3566 710 3631 p.
726 3546 800 3626 864.
817 3544 858 3609 C.

314 3669 389 3733 204.
405 3652 440 3716 F.
463 3649 510 3733 e‘.]
533 3647 657 3711 ibidem
670 3669 703 3733 p.
715 3646 788 3733 873.
801 3649 837 3712 F.
862 3647 914 3712 De
927 3646 984 3713 Sui
997 3648 1114 3717 Laude
1127 3670 1162 3740 p.
1175 3671 1248 3741 541.
1260 3650 1291 3715 F.

311 3775 346 3840 p.
362 3770 436 3836 205.
452 3751 494 3815 Α.
518 3748 569 3834 ς’.]
598 3748 720 3813 ibidem
736 3770 769 3834 p.
783 3749 857 3831 874.
872 3749 911 3813 Β.

313 3869 387 3941 205.
402 3855 445 3918 Α.
470 3851 524 3937 ζ’.]
550 3850 686 3916 Ibidem.
718 3849 940 3916 conserendus
963 3852 1151 3921 Gatakerus
1168 3853 1244 3921 Adr.
1261 3872 1289 3939 p.

266 3977 344 4046 331.
360 3960 402 4023 G.

313 4079 386 4145 205.
403 4060 442 4125 B.
464 4056 515 4142 η’.]
541 4054 665 4121 lbidem
680 4076 713 4142 p.
731 4055 804 4140 873.
820 4056 860 4120 E.

311 4181 385 4248 205.
402 4162 439 4226 B.
462 4160 518 4245 8.]
544 4158 667 4225 Ibidem
690 4179 724 4246 p.
742 4158 816 4243 ⁸73:
835 4158 874 4221 E.
896 4169 930 4224 et
952 4157 1107 4248 Sympos.
1123 4162 1170 4229 11.
1184 4161 1286 4250 p.631.

187 4542 305 4579 A
