2700 4928
154 314 233 381 ¹¹7²
345 305 386 367 D.
396 304 449 367 W.
468 300 678 366 ANIMADV.
696 300 746 364 m
765 296 1007 363 amnem

156 469 248 535 XLI.
264 486 297 536 2.
327 468 380 535 De
394 480 587 556 argumento
600 466 699 557 hujus
716 460 1022 554 Apophthegmttir
1034 469 1072 528 et
1083 456 1126 527 dc
1136 459 1191 527 Ju-

157 568 262 651 diciis,
278 570 414 658 Cragiue
429 572 510 657 Rep.
524 569 644 636 Laced.
660 569 720 636 1v.
733 569 764 633 8.
780 588 815 654 p.
828 586 907 654 434.
921 583 1003 653 439.

204 689 280 739 221.
294 673 333 737 B.
367 673 668 759 ZETEIAAMOT]
700 667 914 758 iaeotychidre
935 665 1024 731 filiun
1048 675 1126 730 unte
1143 684 1194 751 pt·

161 785 245 838 trem
259 785 407 839 mortuur
421 773 532 840 renuo
547 772 613 839 filio
627 770 828 841 Archidamo
842 770 891 835 11.
919 767 1086 835 Meurfiue
1100 765 1195 854 Regu.

161 873 280 941 Μ·
295 876 407 942 XVII·
422 898 456 964 r·
471 894 524 964 79

205 995 279 1044 221.
291 978 330 1042 B.
352 976 408 1063 a'.]
432 978 557 1066 Attigit
577 974 715 1064 Cragiue
736 977 817 1060 Rep.
839 975 919 1039 Lac.
936 968 1004 1038 111.
1026 990 1060 1038 ι.
1081 991 1116 1059 p.
1131 987 1195 1055 170.

161 1075 353 1144 wdeturru
365 1078 522 1146 adhaefiffe
536 1102 576 1145 ex
588 1079 689 1145 ultera
699 1075 837 1194 quedam
851 1073 993 1141 lectione
994 1074 1196 1162 ‚quaginta

22 1268 27 1276 .
162 1178 290 1246 aberat·
313 1195 400 1246 certe
423 1204 489 1247 nou
504 1181 558 1246 uifi
573 1180 711 1246 alterum
725 1177 855 1244 retineri
868 1176 997 1263 potest.
1022 1177 1193 1264 fortequo·

161 1303 290 1370 que,·
251 1286 292 1348 δεῖ
304 1299 418 1350 natum
432 1285 470 1351 fit
483 1308 523 1351 ex
535 1284 588 1351 o’ui.

208 1404 282 1455 221.
297 1387 337 1451 Β.
358 1385 400 1465 β’
401 1387 470 1471 ]J.
486 1386 542 1452 dat
555 1384 707 1468 δυναμενοις
719 1405 779 1470 pro
791 1379 980 1465 βουλομὸνοις.

208 1503 282 1554 221.
298 1485 340 1551 C.
361 1487 589 1572 HPssNAO‘t‘]
613 1485 690 1552 Sine
710 1482 849 1550 auuoris
867 1480 1003 1547 nomine
1022 1480 1069 1546 est
1082 1477 1116 1545 iu
1128 1476 1196 1544 vm

164 1587 308 1677 Lycurgi
330 1609 364 1674 p.
384 1605 440 1674 54.
459 1590 499 1654 Ε.
534 1589 587 1653 De
610 1585 711 1674 ἰφγῖᾳ,
731 1586 787 1650 otio
800 1587 1040 1672 Spartanorum
1067 1578 1195 1669 Crepitu

166 1691 248 1776 Rep.
263 1688 380 1755 Lcced.
397 1690 460 1756 111.
479 1712 511 1777 9.
526 1706 560 1774 7.
597 1687 787 1754 Plutarchus
801 1687 835 1753 in
854 1687 1012 1773 Lycurgo
1035 1706 1071 1771 p.
1083 1699 1140 1769 54
1155 1681 1194 1761 Ι),

164 1793 215 1856 E:
246 1806 280 1856 et
306 1813 366 1857 noe
389 1791 536 1878 quaedem
559 1791 601 1856 ed
623 1789 849 1878 Xenophontis
874 1786 1005 1853 sele&
1029 1787 1066 1852 iu
1089 1784 1195 1852 Seleu

166 1892 248 1957 Hrst.
263 1894 321 1958 Gr.
346 1914 380 1980 p.
394 1912 471 1980 373.
506 1893 559 1958 De
573 1891 675 1980 ἄργίας
696 1892 800 1958 cauffa
816 1887 958 1956 Athenis
976 1886 1094 1954 Valer.
1113 1887 1195 1952 Mer.

167 1993 213 2056 Il.
229 1995 262 2057 6.
276 2012 319 2078 3:
346 1992 499 2058 Aristides
520 1994 560 2059 T.
576 1996 603 2059 I.
626 2013 660 2080 p.
675 2011 761 2075 444:
792 1992 825 2056 S.
848 1988 974 2055 Petitur
995 1990 1084 2077 lag
1101 1985 1194 2055 Attic

164 2114 198 2181 p.
215 2110 292 2180 520.
315 2093 423 2183 ibique
442 2094 683 2183 Weffclingiue.
709 2090 839 2182 Taylor.
858 2089 952 2157 lect.
974 2091 1054 2178 Lys.
1079 2111 1114 2178 p.
1127 2104 1193 2177 297.

208 2315 282 2364 221.
298 2297 339 2362 C.
358 2296 598 2380 cumcun]
619 2296 772 2382 Tbeaſsdes
785 2291 917 2382 quidem
933 2294 1125 2382 Spartanus,
1138 2290 1192 2369 tiit

164 2396 198 2463 iu
212 2397 326 2476 cauffo,
342 2413 538 2464 memoretur
549 2400 592 2464 ab
606 2399 774 2465 Herodoto
787 2398 849 2464 Vl.
865 2397 918 2482 85.

208 2519 281 2566 221.
294 2499 334 2564 C.
350 2501 625 2587 GEMIYI'EOI']
643 2500 786 2587 Μεγιςίας
800 2498 918 2565 dicitur
933 2496 1110 2566 Herodoto
1122 2499 1189 2564 VII.

166 2619 241 2668 221.
268 2602 325 2667 ubi
347 2602 438 2689 plura
458 2601 499 2668 de
524 2602 656 2668 homine
680 2617 714 2668 et
736 2601 868 2667 nomine
894 2615 1058 2667 annotant
1082 2600 1189 2667 duum·

165 2706 234 2770 viri.
278 2705 343 2770 Sed
367 2705 555 2771 Plutarchus
579 2705 632 2771 De
656 2703 814 2771 Herodoti
838 2702 980 2791 Maligu.
1006 2725 1041 2791 p.
1061 2704 1136 2770 866.
1155 2702 1187 2768 C.

163 2811 271 2898 prodit
297 2813 480 2900 responsum
508 2811 659 2878 leonidae
687 2834 708 2876 a
730 2821 882 2900 cognato,
908 2831 1010 2897 quem
1038 2809 1188 2877 dimittere

164 2914 272 2979 vellet.

208 3035 282 3082 221.
296 3017 341 3080 D.
365 3018 667 3102 ouonotrnotr]
694 3015 861 3081 Celebrate
878 3012 978 3102 hujus
992 3014 1088 3080 estin
1103 3009 1189 3102 Regi·

161 3116 223 3182 bus
244 3117 407 3203 Spartanis
426 3119 592 3198 memoria,
608 3130 738 3204 propter
759 3117 916 3182 institutos
939 3115 982 3180 ab
1002 3138 1045 3183 eo
1058 3117 1189 3205 primum

162 3219 329 3305 Ephoros;
353 3217 438 3283 unde
453 3218 613 3306 inprimis
627 3219 729 3284 fertur
742 3217 811 3307 ejus
824 3217 1100 3306 Apophthegmu,
1112 3213 1190 3307 quod

163 3321 227 3388 hoc
245 3321 318 3387 loco
336 3319 500 3386 defiderari
522 3321 686 3401 miramur,
702 3320 875 3409 praesertim
890 3341 994 3406 quum
1011 3320 1191 3387 Plutarcho·

163 3422 240 3489 alibi
263 3421 296 3487 id
317 3420 504 3509 prodiderit,
526 3420 604 3487 Vua
625 3420 767 3510 Lycurgi
792 3443 825 3508 p.
840 3439 895 3506 43.
909 3421 949 3485 E.
984 3419 1044 3487 Ad
1062 3420 1191 3509 Prinm’p.

164 3524 290 3591 Indoct.
315 3546 349 3611 p.
365 3539 439 3610 779.
456 3524 496 3587 E.
517 3522 573 3588 ubi
592 3522 684 3611 plura
706 3521 901 3589 notabimur.
934 3520 1014 3609 Ejus
1036 3521 1192 3589 locumiu

163 3627 352 3693 succeffione
376 3624 591 3691 Proclidarum
609 3625 813 3713 defignarunt
833 3623 993 3691 Meurfius
1011 3625 1067 3692 De
1087 3627 1192 3713 Regno

163 3728 282 3796 Laced.
309 3730 419 3794 XVll.
443 3748 476 3813 p.
496 3742 549 3813 77.
584 3726 764 3793 Lercherur
789 3725 948 3791 Chronol.
973 3726 1137 3793 Herodot.
1156 3726 1192 3792 T.

161 3832 239 3897 vll.
255 3854 288 3919 p.
303 3848 378 3918 497.
394 3828 435 3894 ab
449 3828 583 3917 Olymp.
599 3830 645 3894 ll.
662 3848 693 3894 2.
708 3828 750 3896 ud
765 3828 825 3893 lx.
841 3846 874 3895 2.

204 3951 279 4001 221.
290 3932 334 3996 D.
356 3928 411 4015 pst]
437 3931 475 3995 ln
490 3929 568 3996 Vita
582 3929 725 4018 Lycurgi
737 3929 814 3995 item
829 3940 868 3993 ut
881 3948 902 3990 a
914 3926 1133 4019 Theopompo
1144 3926 1189 3995 di·

160 4032 248 4099 ctum
271 4032 417 4120 proditur
437 4056 470 4121 p.
485 4052 539 4118 52.
558 4025 603 4097 D.
638 4031 768 4097 Proclus
788 4029 830 4097 ad
852 4029 985 4096 Hefiodi
997 4031 1091 4122 Ἔςγ.
1109 4030 1190 4098 versu

159 4148 235 4220 705.
261 4156 281 4198 a
300 4135 456 4221 Spartano
480 4155 557 4221 rege
579 4131 621 4198 ad
643 4132 803 4220 hospitem
823 4130 991 4199 Arcadem
1013 4131 1188 4223 responsum

153 4250 332 4327 memorat:
355 4235 445 4324 quod
465 4235 519 4304 ilie
537 4249 577 4303 ut
598 4235 672 4318 uia,
698 4258 738 4304 ex
763 4233 927 4305 Plutarchi
949 4232 1186 4308 Commentario

371 4464 549 4552 A
