2700 4928
212 344 365 406 samm
380 347 897 426 sananr.ooav1v.p.1a.a.
1006 356 1067 424 907

33 504 208 570 Nncratis
226 510 356 574 nondam
377 524 453 590 erat,
477 513 594 576 cardito
611 511 674 597 sub
694 511 785 575 Inaro
806 511 841 574 in
856 509 996 597 Egypto
1018 534 1067 574 re-

29 619 153 693 gnante
173 620 203 670 ct
226 609 393 678 Artaxerxe
411 612 442 675 in
458 613 576 699 Perfida
593 613 672 677 aiam
691 611 808 700 Olymp.
824 612 877 675 80.
896 611 963 695 testo
977 611 1066 675 Stra-

36 708 114 773 bone
128 721 163 794 p.
181 724 276 795 1153.
298 712 404 778 Etiam
419 726 524 791 aetates
534 714 717 802 sapientium
731 712 903 799 hauljatis
916 725 986 800 apta
998 737 1067 776 con·

35 826 166 898 gruunt.
205 814 371 878 Periander
394 816 499 881 Solone
520 815 559 902 est
581 815 751 903 antiquior:
778 815 860 878 mitto
882 814 957 878 alia.
994 815 1068 879 Hoc

38 913 124 978 mihi
143 916 193 978 est·
202 914 361 1001 judicium
377 915 464 983 dotti
482 916 642 982 bominis!
667 917 687 980 ss
701 914 862 1002 judicium
883 915 947 980 dici
968 918 1069 1002 potest

38 1014 246 1078 temerarium
263 1015 385 1080 ditium
406 1031 611 1103 properanter
630 1016 802 1083 scribentis.
839 1015 979 1081 Primum
995 1016 1068 1103 quis

39 1137 58 1178 a
72 1116 250 1181 Plutarcho
261 1119 452 1184 venustatem
470 1118 695 1204 Xenophontis
709 1118 837 1204 exigat?
861 1117 924 1182 sua
941 1118 1067 1205 utrique

38 1217 114 1280 sunt
136 1216 247 1282 dotes-2
272 1232 307 1284 ct
327 1218 404 1284 huic
424 1219 532 1284 libello
554 1221 626 1284 sunt
649 1219 844 1285 Plutarcheae
867 1218 971 1298 dotes,
995 1241 1068 1306 quae

37 1338 98 1381 aec
123 1316 273 1397 monem,
297 1342 357 1384 nec
380 1321 519 1386 alienum
540 1321 734 1406 scriptorem,
757 1319 903 1404 prodant.
939 1320 1067 1386 Deinde

36 1417 126 1503 quod
141 1420 319 1484 Naucratis
334 1420 466 1485 demum
480 1422 564 1487 circa
584 1422 715 1508 Olymp.
731 1422 784 1484 80.
805 1421 967 1510 conditam
988 1444 1065 1508 pro-

36 1518 183 1596 nunciat,
198 1542 264 1584 uno
277 1522 432 1586 Strabone
454 1522 593 1601 castore,
615 1523 658 1586 est
676 1521 738 1586 hoc
760 1521 838 1585 item
860 1537 1067 1607 properanter

34 1619 217 1685 scribentis.
253 1622 346 1700 Sane,
367 1622 411 1687 ita
430 1624 544 1687 Strabo
565 1624 674 1687 XVII.
697 1644 731 1707 p.
747 1642 840 1706 1153.
856 1623 915 1688 C.-
931 1624 982 1686 At
992 1644 1068 1687 vero

37 1720 237 1804 Herodotus·
254 1724 298 1786 1·1.
318 1725 388 1807 178.
409 1739 525 1802 narrat,
544 1725 711 1809 Amcrſsdem
736 1723 851 1786 Gratis
872 1723 1068 1787 habitandam

35 1818 146 1906 Mff
162 1819 343 1900 Naucratin,
358 1846 446 1908 quam
457 1824 526 1906 jam
539 1823 702 1908 antiquitas
723 1824 840 1887 unicum
848 1821 944 1908 βψ
955 1822 1066 1908 AEgy-

32 1920 83 2007 pn
98 1922 269 2008 emporium.
311 1923 488 1988 Athenaeus
503 1924 577 1987 XV.
598 1944 630 2007 p.
646 1925 720 2006 675.
737 1925 772 1988 F.
794 1945 833 1988 ex
856 1921 1068 2010 Polycharmo

36 2022 232 2089 Naucratim
252 2025 349 2089 refert
374 2025 494 2089 latium
521 2024 636 2088 civium
660 2025 931 2103 Naucratitarum,
956 2023 1069 2089 addito

37 2121 107 2208 'apso
132 2124 211 2188 faas
238 2139 381 2212 tempore
408 2125 598 2212 Olympiade
622 2126 751 2189 XXIII.
778 2126 880 2210 Igitur
902 2124 987 2189 haud
1015 2139 1065 2189 te·

40 2245 127 2290 mere
147 2226 303 2291 Eusebius
325 2227 356 2291 in
377 2225 538 2292 Chronico
562 2248 595 2311 p.
613 2228 684 2290 116.
700 2240 792 2291 notat
805 2226 845 2291 ad
865 2225 997 2314 Olymp.
1013 2226 1064 2291 V:

41 2327 134 2391 Mare
156 2328 285 2393 obtinent
308 2329 433 2413 Milesti‚
455 2326 730 2415 construxeruntque
750 2328 849 2391 urbem
873 2329 905 2392 in
925 2329 1069 2416 AEgypto

39 2425 236 2493 'Naucratim
264 2429 304 2493 ad
328 2452 423 2516 quem
445 2429 553 2493 locum
574 2431 638 2495 Ios.
662 2429 804 2515 Scaliger
827 2430 911 2495 rotie
936 2429 1065 2515 quidem

48 2544 152 2593 monet
171 2531 234 2596 boc
253 2552 292 2594 ex
312 2531 467 2594 Strabone
482 2529 541 2593 effe
555 2530 715 2594 sumtum:
739 2531 846 2594 minue
858 2546 965 2595 tamen
980 2531 1071 2596 reite.

51 2626 212 2695 Eusebium
240 2630 376 2694 immanis
405 2631 618 2718 anachronismi
645 2631 795 2710 accusat3
833 2631 983 2716 fiquidem
1011 2631 1070 2695 hic,

10 2758 15 2787 ι
53 2727 164 2794 videtur
177 2730 343 2795 Strabonis
362 2731 393 2794 in
415 2744 557 2816 tempore
579 2755 716 2795 errorem
738 2731 894 2816 corrigere
915 2729 1063 2796 voluisse:

10 2798 15 2887 l
56 2831 181 2896 utitem
209 2832 391 2916 Stephanus
419 2834 498 2918 Byz.
527 2833 558 2896 iu
589 2855 665 2896 voce
691 2831 852 2915 Ναύκρατις
874 2830 1063 2895 Strabonem

57 2930 140 2996 dans
155 2932 308 3016 temporis
322 2946 355 2997 et
371 2933 454 2996 Inari
471 2932 666 2997 mentionem
680 2931 813 2996 omittit.
847 2934 936 3018 Pago
950 2932 1064 2996 Strabo

57 3032 94 3097 ul
111 3034 246 3099 aliorum
267 3055 405 3098 errorem
428 3035 553 3099 secutus
571 3034 624 3112 est,
640 3033 688 3097 vel
708 3032 824 3118 scripsit
838 3031 991 3117 ἐπῴκησαν,
1006 3033 1063 3096 ba·

57 3130 164 3200 matun
187 3137 335 3213 abierunt,
361 3134 562 3214 incoluerant,¹
579 3158 637 3221 pro
659 3135 782 3212 inciaco,
807 3134 1063 3215 contliderant2i11

56 3234 100 3302 illo
118 3239 197 3303 loco·
210 3240 322 3314 citato,
344 3238 827 3323 Mtbiaror-xaraoaupaxioarra
842 3236 958 3324 Ἴναρον,
978 3236 1066 3301 arian

55 3336 153 3404 ἔκτισαν
172 3340 349 3426 Ναύκρατον·
374 3339 428 3403 ubi
451 3339 550 3425 ipsum
565 3340 652 3404 urbis
665 3360 786 3403 nomen
797 3339 904 3403 vitiose
918 3340 1065 3425 vulgatur

53 3461 102 3525 pm
123 3443 285 3528 Ναύκρατιν
297 3466 306 3519 ;
335 3440 422 3527 quod
447 3454 480 3504 et
506 3440 662 3505 Cellarius
685 3440 810 3504 monuit
837 3441 957 3526 Gcogr.
981 3441 1063 3506 Ant.

51 3541 83 3607 ll.
99 3544 141 3607 11.
163 3545 216 3609 De
235 3544 382 3628 AEgypto
403 3564 435 3627 p.
453 3558 503 3623 17.
539 3540 705 3627 Quidquid
727 3541 824 3627 hujus
843 3541 889 3605 rei
909 3543 956 3620 fit,
979 3555 1072 3606 certe:

48 3641 211 3709 Naucratis
225 3643 316 3727 origo
334 3657 369 3706 et
390 3644 504 3706 Gracc
525 3641 600 3705 illuc
618 3640 753 3705 dedaste
767 3641 893 3706 colonia
906 3642 946 3706 ad
961 3642 1065 3707 mstlto

47 3745 219 3833 antiquiora
233 3759 357 3829 tempor
390 3767 485 3829 quam
500 3744 541 3808 ad
559 3744 611 3808 Ol.
628 3746 765 3808 LXXX.
782 3745 955 3809 referendae
971 3745 1063 3809 sunt:

45 3860 80 3913 ut
93 3848 175 3913 item.
185 3847 358 3935 suspicatur
372 3847 592 3912 cruditiffimus
611 3846 834 3912 [ascherus—iu
852 3847 962 3910 Indice
977 3847 1064 3909 Geo-

38 3950 193 4038 graphico
214 3949 256 4014 ad
279 3949 481 4014 Herodotum
499 3948 622 4013 Gallice
635 3948 757 4013 versum
772 3951 809 4011 Τ.
822 3949 917 4012 VIII.
939 3969 972 4032 p.
987 3947 1063 4031 360.

39 4049 189 4139 Denique
216 4051 249 4114 in
276 4049 388 4114 eadem
410 4048 588 4114 temeritate
612 4047 749 4114 versatur
771 4050 927 4133 postrema
952 4046 1065 4112 Reinii

38 4151 152 4231 diffie,
167 4151 333 4216 Periander
348 4151 449 4216 Solone
462 4148 500 4235 est
513 4149 673 4236 antiquior.
710 4147 797 4234 Quid
817 4146 926 4212 enimi
951 4168 991 4212 an
1013 4146 1063 4213 id·

37 4252 128 4322 circo
142 4274 207 4319 non
223 4275 288 4318 una
308 4253 367 4318 effe
385 4254 579 4340 penserunt?
605 4254 746 4319 Fuerunt
768 4249 839 4316 sane
853 4249 966 4316 codem
980 4263 1064 4315 tem
