2700 4928
272 281 353 347 117⁸
465 272 569 337 law,
589 272 798 335 ANIMADV.
817 274 868 334 IN
886 272 1129 336 PLUTARCHI

272 458 332 505 um
351 438 392 503 ab
414 438 561 526 AgefiIao
582 449 697 524 patruo
717 434 909 504 succeffione
929 438 1025 527 regni
1046 436 1176 527 paterni
1188 437 1236 504 vd
1253 460 1302 504 ex·

273 540 399 605 elusum
413 541 461 605 vel
474 539 652 626 expulsum.
674 542 763 606 Nam
774 555 814 606 ut
826 540 1006 627 expulsum,
1019 553 1055 606 et
1068 541 1112 605 ad
1125 542 1219 605 breve
1230 554 1302 605 tem·

271 661 337 730 pus
360 664 460 730 regno
480 642 641 723 tuntum,
665 655 699 708 et
723 642 755 708 in
782 642 924 731 Regibus
945 643 1161 721 censendum,
1183 642 1302 730 quidam

273 744 451 831 Scriptores
465 743 589 809 fortaffe
603 746 857 811 memoraverim.
881 746 950 810 Aut
966 744 1210 832 Iaeotychidam
1225 747 1304 811 Ana·

270 846 348 915 &ilai
361 846 474 925 filium,
488 845 553 910 hoc
567 845 635 932 ipso
654 847 797 911 Menaria
812 846 877 910 filio
892 845 1113 933 Leotychida,
1128 845 1243 934 quinta
1253 868 1305 933 ge·

274 947 439 1012 neratione
460 945 615 1034 majorem
631 959 665 1012 et
685 970 837 1034 proavum
852 947 893 1012 ab
909 946 1097 1026 Herodoto,
1112 947 1304 1013 nominatum

268 1047 370 1113 VIII.
385 1067 397 1110 r
402 1067 458 1133 31.
472 1070 511 1112 m
523 1047 750 1114 existimatione
765 1049 854 1114 fuiffe
868 1063 1035 1134 putemus,
1047 1062 1088 1112 ut
1101 1049 1175 1137 ejus
1189 1050 1305 1115 nomine

272 1147 420 1236 quaedam
436 1147 599 1214 sententiae
614 1148 789 1215 ferrentur?
814 1149 981 1238 Quidquid
996 1150 1069 1238 ejus
1086 1150 1138 1230 fit,
1153 1165 1240 1216 uerte
1251 1172 1303 1214 uo·

272 1252 333 1317 Iier
346 1251 480 1338 scriptor
495 1249 577 1316 duos
598 1251 815 1340 Ieeotychidas
830 1251 996 1316 confudit:
1023 1264 1058 1317 et
1072 1253 1187 1317 rursus
1198 1275 1238 1318 ex
1248 1275 1304 1317 uuo

273 1347 357 1416 duos
373 1351 470 1431 fecit3
492 1350 645 1437 fiquidem
658 1352 714 1416 ille
728 1352 832 1440 major
846 1351 1076 1440 Leotychides,
1092 1375 1193 1440 quem
1208 1356 1304 1419 Heru-

275 1453 375 1518 dotus
396 1453 496 1519 tilium
517 1453 660 1518 Menaria
677 1454 796 1541 prodit,
819 1456 859 1519 ab
881 1455 937 1518 isto
957 1454 1080 1519 dicitur
1104 1454 1253 1542 Aristonis
1270 1454 1304 1519 fi·

270 1552 338 1623 Iius
350 1580 360 1636 3
383 1568 421 1620 ut
434 1555 658 1634 Demaratum,
669 1556 723 1642 qui
739 1569 827 1620 certo
840 1554 987 1640 Aristonis
1000 1554 1087 1620 filius
1101 1557 1303 1644 cognomina-

272 1661 341 1735 tur,
353 1654 450 1743 hujus
465 1655 672 1742 leotychidae
688 1657 818 1721 fratrem
834 1657 922 1720 fuiffe
937 1657 1113 1742 putaverit.

320 1773 394 1838 224.
407 1755 448 1820 C.
471 1755 525 1840 α’.]
550 1757 690 1823 Pertinet
703 1757 816 1822 eodem
838 1757 980 1844 Lycurgi
995 1755 1125 1820 dietum
1138 1757 1177 1835 η’.
1192 1779 1225 1845 p.
1237 1774 1301 1842 227.

272 1853 315 1924 B.
332 1857 420 1943 quod
441 1855 485 1924 ibi
506 1859 696 1924 notavimus.
731 1861 974 1946 Argumentum
989 1880 1009 1922 a
1026 1858 1231 1947 philosophie
1243 1874 1301 1924 tre·

273 1958 411 2038 flamm,
435 1959 467 2024 in
489 1959 600 2046 primis
620 1984 640 2026 a
657 1961 873 2047 'lireophrasso
894 1959 925 2023 in
947 1959 1037 2024 libris
1059 1966 1224 2026 Πολιτικῶν
1238 1963 1301 2041 πρὸς

271 2058 324 2133 τὸς
338 2057 445 2146 καιρός·
462 2059 503 2125 de
514 2061 630 2147 quibus
643 2065 673 2128 J.
686 2061 888 2137 Meurtiuuin
901 2059 1124 2146 'I'heophrasto
1137 2063 1298 2128 LXXVII.

272 2179 307 2248 p.
322 2182 377 2243 40.
414 2163 546 2248 Spebiat
565 2164 696 2230 subinde
717 2165 832 2230 Cicero
850 2165 1040 2229 nominatim
1055 2166 1111 2229 De
1126 2167 1200 2230 Pin.
1213 2169 1296 2247 V.4:

272 2262 486 2351 Theophrastus
511 2265 653 2352 (scripsit)
679 2291 748 2354 qua
767 2267 856 2352 effent
878 2267 909 2330 in
929 2265 1085 2354 republica
1105 2267 1299 2332 inclinatiora

270 2376 369 2428 rerum
384 2378 412 2429 et
426 2378 570 2433 momenta
585 2379 755 2454 temporum,
770 2369 873 2455 quibus
887 2370 952 2456 efflt
965 2371 1185 2436 moderandum
1195 2382 1298 2434 utm-

270 2485 327 2554 pue
347 2489 393 2529 res
411 2466 581 2555 postularet.
625 2472 668 2535 Et
690 2469 756 2555 ipse
777 2471 865 2534 suam
887 2470 1043 2535 rationem
1069 2485 1186 2537 tuetur
1205 2470 1296 2536 Attio.

270 2567 365 2632 XVI.
383 2583 422 2654 7:
445 2593 526 2632 nemo
548 2569 649 2634 dolius
670 2595 809 2657 umquam
833 2569 942 2654 (malta
957 2584 1056 2635 autem
1077 2572 1117 2635 de
1132 2573 1186 2637 boc
1202 2594 1297 2660 genere

259 2669 475 2760 scriptasunt)
494 2673 680 2736 mutationem
696 2671 814 2757 confilii,
830 2671 1051 2759 inconstantiam
1064 2674 1146 2737 divit
1159 2676 1224 2760 effe.
1244 2672 1296 2738 Di·

271 2775 347 2839 vers.
366 2777 392 2840 1.
408 2797 440 2862 9.
456 2780 509 2840 60.
532 2775 573 2840 ad
589 2776 784 2842 Lentulumz
816 2775 920 2862 Neque
937 2779 1173 2861 permanendum
1192 2776 1297 2840 unuin

258 2877 423 2964 sententia,
446 2879 588 2965 eonversts
608 2879 695 2942 rebus
717 2903 752 2942 ac
775 2878 913 2942 bonarum
933 2877 1143 2942 voluntatibus
1166 2880 1295 2944 meare:

257 2978 321 3067 sed
343 2980 515 3065 temporibus
535 2982 768 3068 adsentiendum.
806 2980 977 3065 Numquam
998 2981 1077 3043 enim
1096 2980 1297 3068 prestantibus

269 3081 303 3143 in
323 3080 475 3167 republica
493 3081 692 3166 gubernanda
714 3080 791 3144 viris
812 3079 941 3142 laudata
965 3077 1003 3164 ‹ss
1025 3080 1058 3142 in
1080 3104 1146 3144 una
1157 3079 1297 3166 jintmtia

266 3195 408 3270 perpetua
424 3184 605 3270 permanfio:
618 3184 678 3270 sal
696 3197 729 3245 ut
754 3184 785 3245 in
810 3183 986 3268 navigando
1007 3181 1172 3270 tempqlati
1194 3180 1298 3271 absequi

268 3285 346 3348 artis
361 3282 408 3370 etl,
424 3286 512 3347 etiam
519 3285 555 3368 Ji
568 3300 683 3371 portum
698 3295 795 3345 tenere
807 3307 865 3346 nan
879 3306 988 3370 queas:
1004 3307 1071 3346 cum
1081 3307 1157 3347 veru
1172 3285 1208 3347 id
1221 3281 1297 3371 poffis

267 3399 385 3453 mretata
399 3387 596 3475 velficatiane
610 3387 743 3473 adsequi,
756 3385 885 3471 stultum
901 3384 1016 3470 elleam
1031 3398 1131 3451 tenere
1143 3412 1208 3452 mm
1224 3385 1298 3475 peri·⁴

268 3491 332 3557 rulo
347 3492 458 3577 uersum
472 3515 554 3579 quem
570 3489 674 3576 ceperis
694 3489 801 3576 potius,
820 3512 909 3575 quam
929 3512 959 3551 eo
974 3500 1163 3568 eamnrutato,
1180 3514 1235 3577 quo
1248 3513 1296 3553 ue-

267 3593 318 3669 lis,
343 3594 461 3656 tandem
482 3593 652 3681 pervenire:
670 3591 718 3676 sic
740 3616 830 3678 quam
856 3590 987 3653 omnibus
1009 3590 1094 3655 nabis
1119 3592 1153 3655 in
1175 3591 1298 3657 admini-

255 3694 390 3782 stranda
404 3695 553 3780 republica
569 3695 742 3782 propyitum
758 3693 811 3777 effi
825 3692 938 3771 elebeat,
954 3692 989 3756 id
1001 3695 1082 3780 quod
1098 3718 1118 3757 a
1133 3720 1179 3758 me
1188 3695 1297 3782 sapiat

266 3797 378 3861 ditium
393 3795 441 3880 est,
459 3820 523 3859 cum
537 3795 685 3881 dignitate
698 3795 805 3871 atium3
829 3818 886 3857 non
906 3795 980 3857 idem
992 3798 1113 3883 semper
1126 3797 1233 3874 dicere,
1244 3793 1299 3881 sel

266 3899 344 3962 idem
355 3898 473 3985 jimper
482 3899 619 3985 spectare
640 3897 785 3958 debemus.
823 3898 860 3958 In
875 3895 988 3959 eodem
1004 3912 1201 3983 argumento
1217 3897 1296 3984 ejus-

266 4023 331 4087 que
349 4001 480 4065 au&ore
501 4018 535 4064 et
556 3998 707 4083 scriptore
720 3997 883 4083 praecipuo
900 3998 1119 4084 ‘theophrasto
1133 4001 1195 4066 fuit
1209 4000 1294 4065 Plut-

265 4102 355 4169 trchi
369 4101 462 4180 liber,
476 4123 562 4166 nuuc
576 4099 730 4186 perdituri,
753 4101 821 4186 arpi
837 4100 1000 4185 Θεοφράςε,
1014 4103 1090 4189 πρὸς
1103 4105 1168 4182 τοὺς
1181 4103 1291 4196 neptia,

265 4220 462 4275 nonoretur
475 4203 509 4268 iu
523 4200 682 4290 Lampriae
697 4199 855 4289 Catango
870 4201 973 4268 Num.
987 4203 1064 4268 LII.

507 4428 703 4536 Α
