2700 4928
238 360 242 371 ⁴
271 369 329 432 7¹4
464 362 559 419 D.W.
579 362 786 456 ANIMADV.
807 360 851 419 IN
875 361 1102 429 PLUTARCHI

268 544 302 609 p.
316 542 399 606 409:
418 520 575 609 Ἄνθρωπός
588 525 628 595 ἐςι
649 532 763 604 πνεῦμα
777 525 798 608 ‘b
814 528 883 586 σκιαὶ
901 524 989 605 μόνον.
1013 522 1115 608 Ajace
1132 518 1204 587 126.
1230 518 1289 582 AE-

269 622 389 708 schyli:
411 626 451 686 Ti
465 629 523 711 γᾶς
537 625 655 709 βρότειον
676 624 774 710 σπέφμ’
789 624 919 712 ἐφημέρια
938 629 1034 711 φρονεῖ,
1055 622 1113 703 Kal
1125 624 1211 695 πνςὸν
1223 621 1292 688 atter

148 780 151 789 .
265 722 405 806 μᾶλλινῆ
421 734 522 789 καπνοῦ
537 727 618 789 σκιά.
802 745 806 758 ·

312 843 384 904 104.
400 825 438 888 Β.
460 829 638 911 ὶιιφαντικῶς]
664 830 824 910 ἐμφανῖικῶς
839 828 881 891 A.
894 831 931 891 E.
945 830 983 890 Z.
994 826 1079 890 Voff.
1095 826 1134 889 T.
1150 847 1216 912 qua
1228 825 1292 889 for*

267 946 321 1016 ma
335 907 522 991 Pltltarchus
536 927 611 991 alibi
625 928 726 992 utitur
741 929 858 1014 Quali.
875 928 953 992 Plat.
969 951 1001 1014 p.
1016 947 1109 991 1010.
1125 927 1165 990 B.
1193 928 1295 990 Arato

268 1045 301 1110 p.
318 1045 411 1107 1042.
427 1029 474 1092 C:
497 1028 638 1110 Τιμάνθης
660 1034 672 1091 ὁ
694 1029 835 1114 ζωγράφος
853 1029 972 1105 ἐποίησεν
991 1032 1162 1110 ἐμφαντικῶς
1179 1053 1213 1112 ἰφ
1235 1030 1294 1089 δια-

266 1124 343 1190 dieu
361 1132 409 1206 rip
424 1129 521 1215 μάχην
543 1131 663 1216 ἔχνσαν.
700 1131 850 1194 Alterum
872 1130 970 1194 habet
989 1130 1014 1192 'rs
1033 1129 1088 1215 qui
1103 1129 1205 1192 fertur
1218 1128 1292 1192 Ari-

223 1220 232 1237 '
269 1227 409 1293 stobulus
429 1231 463 1294 iu
480 1232 591 1296 Euscb.
608 1234 708 1316 Praep.
727 1234 848 1317 Evang.
862 1232 957 1298 VIII.
980 1253 1013 1316 p.
1029 1231 1104 1315 378.
1120 1232 1172 1293 A:
1196 1236 1230 1316 τῇ
1248 1236 1295 1292 τοῦ

268 1331 357 1415 ωυφὸς
382 1334 534 1419 &quandiu
558 1333 782 1416 {aprilem—liri
803 1335 835 1395 τὸ
860 1334 919 1405 τοὺς
943 1339 1107 1416 συνοφῶντας
1130 1335 1305 1412 ἔκφαντικῶς.

269 1428 360 1505 {eafa
380 1431 616 1514 καταλαμὲάνειν.
656 1433 805 1497 Confufio
823 1434 970 1519 frequens
985 1432 1017 1495 iu
1032 1431 1082 1495 hie
1096 1429 1295 1516 compositis:

269 1531 359 1597 notio
378 1533 496 1621 aliquid
517 1533 643 1598 differt:
666 1534 800 1615 ἐμφαίνειν
813 1534 855 1596 cst
869 1533 1000 1596 omniuo
1017 1529 1095 1618 quid
1106 1529 1296 1617 fignificare,

266 1632 383 1712 plerum
402 1649 430 1698 ct
448 1647 547 1699 notum
557 1635 682 1721 secere:
705 1634 848 1718 ἐκφαίνειν,
870 1658 929 1696 rem
948 1659 984 1696 ex
1010 1632 1115 1698 occulto
1139 1634 1183 1695 ad
1208 1632 1297 1696 lucem

264 1735 409 1825 proferre.

316 1856 388 1919 104.
398 1839 436 1902 Β.
452 1839 633 1926 ΚφίιιΊωφ-]
659 1841 706 1903 Ex
719 1837 779 1901 lrac
793 1859 857 1901 una
871 1835 1033 1899 mentione
1048 1835 1196 1899 novimus
1211 1835 1295 1919 Hip·

270 1939 410 2022 poclcrn,
426 1939 466 2004 ad
480 1961 618 2025 eumque
633 1939 672 2004 de
687 1939 742 2002 filii
754 1951 856 2002 morte
870 1935 1095 2001 consolandum
1110 1935 1296 2000 aCrantore

271 2040 411 2104 nobilem
430 2042 517 2106 illam
541 2041 798 2107 Consolationem
814 2039 960 2124 scriptam
979 2036 1078 2100 fuille.
1116 2039 1224 2101 Locus
1245 2036 1297 2101 hic

270 2143 433 2227 quousque
457 2143 626 2226 pertineat,
649 2163 713 2204 nou
739 2141 812 2204 satis
834 2151 976 2224 apparet.
1018 2136 1202 2223 Stephanus
1224 2138 1297 2224 qui·

268 2239 343 2306 dem
366 2242 511 2304 asteriscis
533 2263 607 2304 eum
630 2254 744 2304 notans
764 2239 943 2303 terminavit
965 2239 996 2302 in
1017 2240 1112 2302 verbo
1134 2237 1218 2324 ἕρπει.
1252 2240 1300 2304 At

269 2340 413 2424 proxima
433 2340 584 2425 deinceps
605 2339 749 2403 eamdem
773 2340 924 2404 orationis
946 2340 1083 2406 formam
1104 2340 1238 2421 habent,
1265 2356 1298 2405 et

269 2439 310 2504 ad
328 2441 491 2504 Crantoris
505 2441 611 2504 locum
627 2439 734 2505 referri
749 2440 883 2504 debent:
908 2455 993 2505 certe
1012 2441 1170 2526 usquead
1189 2442 1299 2507 errro‘v·

268 2545 369 2622 θαμν.
397 2543 468 2606 Nec
484 2541 644 2628 sequentia
658 2542 734 2626 quin
752 2541 899 2606 Crantori
913 2541 1095 2606 tribuantur
1107 2543 1213 2606 caussa
1226 2545 1300 2609 satia

268 2641 384 2708 idonea
405 2644 447 2707 est
470 2642 501 2706 in
523 2643 731 2728 Theophrasti
756 2657 789 2707 et
817 2644 954 2707 Homeri
978 2645 1300 2711 commemoratione.

268 2746 356 2818 Nam
372 2759 406 2810 et
419 2745 503 2809 illius
521 2744 716 2808 mentionem
731 2744 820 2824 fecit,
835 2757 872 2806 ut
891 2757 997 2808 narrat
1014 2743 1180 2831 Diogenes
1199 2747 1300 2810 Lacr-

269 2847 333 2910 tius
358 2849 415 2910 lV.
433 2865 484 2930 27.
508 2845 553 2926 aa)
571 2850 621 2920 τὰς
643 2846 793 2931 Θειφφάςν
818 2844 907 2919 θέσεις
929 2843 1012 2930 ι’ςφὲῳ
1033 2844 1197 2931 γεγράφθω
1216 2846 1300 2911 εἶπεν·

265 2950 440 3029 θαυμάζεται
461 2951 487 3010 δὲ
510 2952 592 3012 αὐτοῦ
605 2949 716 3029 μάλιςα
729 2945 836 3025 βιὸλίον
856 2948 888 3008 τὸ
907 2948 966 3034 περὶ
988 2945 1107 3020 abduc:
1132 2947 1214 3010 etin
1231 2950 1301 3035 prl-

266 3050 328 3113 mis
342 3052 522 3115 Homerum
536 3065 571 3115 et
584 3046 769 3136 Euripidem
788 3050 821 3111 in
841 3047 961 3112 deliciis
983 3048 1114 3112 habuit:
1139 3048 1218 3113 ibid.
1237 3057 1300 3119 26:

267 3152 407 3233 ἐθαύμαζε
424 3154 450 3222 δὲ
466 3159 478 3214 ὀ
493 3153 626 3240 Κφίινταφ
642 3152 741 3213 acirim
758 3152 786 3226 δὴ
800 3155 910 3230 μᾶλλον
917 3148 1041 3235 ’Όμηρον
1055 3177 1076 3234 ’b
1092 3151 1299 3234 Εὐριπίδην-ε

171 3338 176 3348 ι
254 3253 382 3343 νΙνονιιηι
397 3276 473 3341 crgo
487 3253 571 3318 dieta
589 3267 622 3316 et
641 3251 673 3315 in
689 3249 915 3314 Consolatione
936 3249 1182 3336 frequentissima
1206 3256 1300 3318 exsti.

267 3353 346 3433 tiss'e,
369 3354 508 3440 indeque
523 3375 674 3440 magnam
688 3366 811 3437 partem
830 3374 849 3415 a
867 3351 1037 3418 Plutarcho
1054 3351 1191 3415 insuam
1208 3354 1300 3419 Con-

263 3454 453 3531 solationem
468 3455 613 3522 traducta
626 3453 686 3517 elle
701 3452 852 3517 credibile
865 3453 918 3516 est.
955 3454 1006 3516 De
1020 3466 1159 3538 cognata
1173 3453 1301 3523 homini

267 3555 339 3623 labe
359 3558 537 3622 notavimus
551 3556 591 3620 ad
606 3556 675 3618 Ser.
690 3556 792 3618 Num.
808 3552 905 3618 Viud.
922 3575 954 3639 p.
968 3570 1043 3637 551.
1058 3555 1102 3616 D.
1227 3575 1232 3588 ’

311 3679 383 3740 104.
397 3661 442 3724 Ι).
475 3658 648 3746 Θιόφφαςος]
676 3656 819 3733 Υ’Ψιάεωτ
840 3656 873 3721 iu
899 3657 970 3744 ejus
992 3655 1180 3742 Callisthene,
1200 3659 1215 3736 ἢ
1238 3663 1300 3752 mg}

266 3762 378 3841 πένθνς,
395 3760 495 3830 fuisse,

311 3883 382 3944 104.
395 3864 439 3928 I).
458 3866 474 3924 l
490 3864 561 3934 θεῖος
575 3857 713 3946 Ὅμηρος]
734 3859 832 3923 l'eriz.
849 3859 1024 3923 nonhabet
1039 3862 1148 3933 ὁθεῖος.
1185 3861 1300 3935 Didio

263 3965 362 4029 exstat
376 3963 483 4051 Odyll.
496 3967 536 4035 Σ.
554 3981 626 4045 129.
649 3960 769 4024 Similia
783 3960 823 4024 ad
837 3960 1026 4026 sententiam
1042 3960 1135 4024 Iliad.
1149 3966 1183 4030 P.
1198 3967 1277 4045 446.

310 4088 381 4148 104.
396 4069 434 4130 Ε.
455 4069 534 4138 Τοῖος
545 4066 604 4148 γὰρ
618 4061 673 4135 νόος
686 4063 796 4146 ἒςὶν-]
822 4061 931 4147 Odyff.
944 4062 983 4123 Σ.
1000 4076 1072 4145 135.

310 4186 382 4246 104.
400 4171 437 4232 E.
469 4163 580 4242 Τυδεΐδη
603 4162 813 4247 μεγάθυμε-]
851 4160 943 4224 Illad.
969 4167 1005 4225 Z.
1032 4177 1104 4247 145.
1133 4168 1239 4247 γενεὴν,
1265 4167 1301 4231 in

264 4263 448 4333 Homericis
474 4261 827 4352 exemplisrulgatum,
850 4261 994 4348 praebent
1017 4285 1057 4328 ex
1075 4263 1185 4332 nostris
1208 4265 1301 4336 libris
