2700 4928
337 334 818 402 unornannnomouc.
838 337 1050 419 nuncu.
1132 320 1214 418 rns'

175 499 225 577 cis
240 500 349 567 XXV.
364 524 397 589 p.
415 523 487 589 130.
505 502 558 569 alii
580 503 709 569 videant
718 527 729 583 ;
753 526 827 569 nam
844 503 951 591 ampla
971 505 1014 569 est
1033 503 1215 573 hariolandi

174 603 323 670 materia.
346 605 487 670 Nomine
501 605 623 685 omiffo,
640 628 707 671 rem
723 620 828 671 narrat
843 606 968 672 Gellius
980 608 1060 671 VII.
1075 627 1108 671 1:
1126 608 1213 694 Affi-

174 705 268 770 debat
288 709 536 795 oppugnabatque
557 709 694 796 oppidum
716 708 748 771 in
774 707 940 797 Hispania,
955 708 1035 793 fitu,
1058 710 1217 790 munibus,

175 807 378 896 defensoribus
391 809 530 874 ualidum
548 822 576 874 et
597 811 754 889 munitum,
773 835 807 874 re
821 811 909 874 etiam
922 811 1037 874 cibaria
1051 813 1191 899 copiosum
1202 835 1219 876 .··

173 909 323 998 nullaque
337 912 399 999 ejus
411 911 551 1000 potiundi
560 912 633 1000 spes
647 924 733 976 erat:
757 924 785 975 et
799 913 925 1000 quodam
940 912 987 975 dia
998 913 1056 1000 jus
1068 913 1101 975 in
1115 912 1216 998 caslris

163 1015 276 1104 sedens
292 1014 430 1078 dicebat:
453 1029 542 1102 atque
556 1040 591 1079 ex
604 1040 635 1080 eo
654 1013 712 1080 loco
727 1015 762 1078 id
778 1015 914 1104 oppidum
924 1015 1031 1104 procul
1042 1015 1214 1081 uidebatur.

176 1115 256 1181 Tum
278 1141 294 1180 e
314 1115 470 1196 militibus,
485 1117 538 1204 qui
559 1118 591 1182 in
605 1119 677 1204 jure
691 1119 775 1206 apud
786 1143 850 1182 aum
859 1117 998 1204 stabant,
1014 1117 1218 1206 interrogauit

175 1217 323 1307 quispiam
344 1243 381 1282 ex
401 1243 488 1297 more,
510 1219 542 1282 in
556 1244 642 1307 quam
656 1219 734 1283 diem
752 1217 900 1307 locumque
920 1219 1123 1284 uadimonium
1141 1236 1214 1309 pro·

177 1321 260 1384 mitti
270 1320 404 1408 juberet.
441 1321 487 1385 Et
512 1320 608 1408 Scipio
627 1345 747 1384 mantum
766 1321 810 1384 ad
829 1322 920 1408 ipsam
938 1321 1047 1408 oppidi,
1067 1324 1148 1408 quod
1163 1324 1217 1387 ob·

165 1423 337 1508 fidebatur,
352 1447 447 1486 arcum
461 1423 648 1511 protendens,
660 1422 871 1500 “Perendie,''
888 1421 996 1508 inquit,
1013 1422 1218 1510 “sesestslant

179 1530 205 1563 “
220 1523 272 1587 illo
286 1524 318 1586 in
332 1523 426 1587 loco.''
448 1525 550 1610 Atque
562 1524 745 1611 itafablum.
773 1523 833 1586 Dia
851 1524 946 1601 tertio,
960 1524 992 1586 in
1006 1547 1088 1610 quam
1102 1525 1218 1590 vadari

143 1677 149 1688 .
167 1625 313 1713 sufferat,
326 1627 463 1715 oppidum
478 1637 594 1714 captum
610 1623 664 1712 esl:
686 1626 839 1712 eodemque
852 1625 901 1688 die
914 1625 947 1688 in
960 1649 1028 1688 arce
1042 1625 1103 1713 q'us
1117 1626 1219 1715 oppidi

166 1730 228 1816 jus
243 1728 333 1792 dixit.

228 1833 301 1917 196.
318 1831 358 1895 C.
381 1831 429 1915 d]
456 1830 633 1895 Cohortem
655 1830 739 1896 hanc
762 1828 907 1893 novimus
925 1850 965 1892 ex
983 1827 1074 1893 Livio
1088 1829 1220 1893 XXIX.

182 1953 213 2014 1.
245 1932 375 1998 Valerio
397 1934 543 1996 Maximo
558 1934 636 1997 VII.
652 1952 684 2018 3.
700 1952 733 2017 3.
768 1932 920 2018 Appiano
936 1931 1048 1997 Punic.
1063 1932 1159 1996 VIII.
1183 1954 1219 2019 p.

178 2055 257 2121 313.
298 2038 341 2099 Et
360 2037 478 2113 FestuS,
500 2035 663 2123 Scipionem
682 2034 875 2122 Africanum,
896 2035 1024 2121 primunr
1045 2034 1220 2122 pratariam

179 2138 321 2205 cohortem
336 2135 497 2223 instituisti,
510 2136 670 2222 perhibet,
684 2159 717 2222 p.
730 2154 806 2220 371.
830 2135 928 2222 Quod
942 2133 1064 2221 Lipsius
1080 2136 1132 2200 De
1147 2135 1220 2200 Mi·

179 2237 252 2304 litia
266 2241 360 2304 Rom.
378 2240 421 2302 II.
437 2260 469 2319 4.
486 2252 713 2325 argumentum
733 2237 856 2302 ducens
877 2259 917 2302 ex
939 2236 1061 2324 Polybii
1082 2237 1221 2319 filontio,

181 2339 225 2405 ud
247 2339 431 2426 Scipionem
453 2341 643 2404 Africanum
666 2340 831 2404 Minorem
846 2339 954 2404 refert.
989 2339 1093 2426 Atqui
1106 2353 1140 2405 et
1153 2340 1219 2405 hu·

175 2440 235 2529 jus
249 2442 391 2507 cohortis
406 2441 650 2519 institutionem,
665 2454 699 2506 et
719 2441 842 2506 dicium
861 2440 901 2506 de
919 2439 974 2504 illa
993 2440 1164 2527 Scipionis,
1178 2464 1220 2508 ex

180 2544 314 2636 perditis
331 2544 495 2631 Polybiani
510 2543 616 2629 operis
631 2544 776 2630 partibus
790 2565 811 2607 a
829 2542 1000 2609 Plutarcho
1015 2543 1136 2624 referri,
1152 2566 1220 2609 nou

182 2648 227 2711 eli
242 2646 329 2734 quod
344 2645 540 2710 dubitemus.
942 2718 944 2722 ¹

228 2749 301 2832 196.
318 2746 359 2810 C.
383 2745 431 2831 e'.]
462 2748 514 2810 De
540 2744 600 2810 hac
622 2745 698 2811 belli
720 2757 810 2832 parte
832 2744 1043 2831 prodiderunt
1068 2745 1222 2832 Polybius

181 2849 259 2914 XV.
288 2867 402 2912 1-20.
445 2847 552 2911 Livius
578 2849 705 2914 XXIX.
729 2866 781 2932 23.
808 2846 872 2931 seq.
909 2846 1077 2932 Appianus
1107 2847 1220 2913 Punic.

183 2953 331 3017 XXXII.
346 2951 410 3036 seq.
427 2972 485 3014 nec
501 2964 606 3014 tamen
624 2950 721 3036 hujus
736 2939 966 3036 tuui‘diuique
981 2950 1199 3017 meminerunt
1208 2975 1222 3030 ς

183 3067 222 3119 ut
238 3053 319 3117 alios
332 3054 478 3117 nudiores
494 3052 619 3116 secutus
634 3051 776 3116 videatur
792 3051 993 3116 Plutarchus.

231 3158 303 3240 196.
320 3156 364 3219 D.
388 3153 441 3238 52]
466 3154 573 3218 Livius
596 3156 705 3219 XXX.
721 3173 775 3239 43.
796 3154 829 3217 in
853 3156 892 3218 L.
914 3153 1065 3223 Terentio
1087 3156 1221 3222 consen·

183 3255 281 3336 tiens,
296 3257 329 3321 in
346 3256 461 3321 ceteris
477 3257 571 3320 rebus
585 3255 734 3320 diversus.
764 3254 909 3321 Valerius
924 3256 1015 3319 Max.
1030 3258 1073 3321 V.
1091 3277 1121 3324 a.
1133 3276 1168 3345 5.

230 3360 302 3445 196.
318 3361 356 3423 E.
380 3356 433 3441 ζ’.]
458 3358 567 3420 Livius
592 3359 701 3422 XXX.
723 3374 779 3443 45.
806 3370 840 3421 et
864 3358 1058 3422 XXXVIII.
1077 3374 1142 3444 55:
1181 3360 1222 3446 Q.

185 3460 354 3524 Terentium
384 3457 730 3538 Culleonem—tradunt,
749 3456 907 3545 pileatum,
918 3458 1000 3543 fluat
1023 3456 1055 3522 in
1077 3460 1225 3548 triumpho

185 3567 281 3646 ierat,
299 3549 331 3630 in
369 3589 458 3628 tinere
479 3588 589 3651 quaque
608 3577 677 3627 anta
695 3564 799 3628 ledum
814 3565 950 3650 istu-et
969 3564 1013 3627 ad
1029 3578 1145 3654 portam
1162 3568 1223 3629 Ca·

182 3681 291 3756 penam
305 3668 428 3754 mulsum
447 3666 602 3755 prosecutis
614 3666 715 3752 sunus
730 3667 846 3753 dedisti,
863 3668 942 3754 quod
961 3667 999 3730 ab
1015 3691 1045 3730 ao
1060 3668 1136 3730 inter
1150 3668 1225 3734 alios

186 3771 321 3858 captivos
336 3771 368 3832 in
382 3769 491 3855 Africa
506 3793 541 3831 ex
555 3767 679 3852 hostibus
695 3781 824 3855 receptus
838 3771 915 3854 estat.
952 3769 1114 3847 Formula,
1132 3777 1226 3834 ταῦτα

186 3873 238 3954 μὲν
260 3870 304 3934 οὖν
323 3869 427 3957 inpar,
446 3870 479 3933 in
501 3869 587 3935 Vitis
611 3869 807 3935 Plutarcheis
829 3871 989 3956 frequens,
1005 3870 1053 3933 vel
1072 3871 1137 3936 sola
1150 3872 1226 3937 setis

187 3970 287 4061 habet
301 3971 423 4045 indicii,
439 3972 511 4035 haec
524 3971 769 4058 Apothcgmata
784 3994 823 4037 ex
837 3973 921 4039 Vuis
936 3971 1094 4057 descripta
1109 3972 1181 4036 else.

234 4079 306 4159 196.
322 4077 360 4138 E.
384 4072 434 4158 η’.]
461 4076 509 4137 Ex
525 4074 657 4161 Polybio
675 4076 824 4161 Excerpt.
840 4077 919 4161 Leg.
937 4073 1022 4138 Edit.
1038 4074 1225 4162 Schweigh.

191 4177 287 4250 XXI.
303 4196 352 4246 12.
369 4176 401 4246 in
417 4176 562 4263 responso
574 4175 732 4263 SciPionis
747 4176 787 4241 ad
802 4176 945 4263 legatum
962 4164 1135 4241 Antiochi:
1153 4177 1227 4242 Ὅτε

194 4282 222 4342 li
237 4279 324 4353 ἐάσας
339 4277 458 4361 ineditus
471 4286 518 4357 τῆς
530 4279 632 4356 Ἀσίας
644 4284 695 4354 τὰς
710 4278 843 4368 ἡμετέςας
857 4279 991 4363 δυνάμεις,
1006 4276 1052 4347 nul
1065 4282 1227 4368 προσδεξά-
