<?xml version="1.0" encoding="UTF-8"?>
<!DOCTYPE html PUBLIC "-//W3C//DTD XHTML 1.0 Transitional//EN"
    "http://www.w3.org/TR/xhtml1/DTD/xhtml1-transitional.dtd">
<html xmlns="http://www.w3.org/1999/xhtml" xml:lang="en" lang="en">
 <head>
  <title>
</title>
<meta http-equiv="Content-Type" content="text/html;charset=utf-8" />
  <meta name='ocr-system' content='tesseract 3.04.00' />
  <meta name='ocr-capabilities' content='ocr_page ocr_carea ocr_par ocr_line ocrx_word'/>
</head>
<body>
  <div class='ocr_page' id='page_1' title='image "./plutarchichaero28plutgoog_0491.png"; bbox 0 0 2700 4928; ppageno 0'>
   <div class='ocr_carea' id='block_1_1' title="bbox 204 348 1054 429">
    <p class='ocr_par' dir='ltr' id='par_1_1' title="bbox 204 348 1054 429">
     <span class='ocr_line' id='line_1_1' title="bbox 204 348 1054 429; baseline 0.001 -18"><span class='ocrx_word' id='word_1_1' title='bbox 204 348 405 411; x_wconf 77' lang='lat' dir='ltr'>APOPHTH.</span> <span class='ocrx_word' id='word_1_2' title='bbox 419 352 507 410; x_wconf 71' lang='grc' dir='ltr'>ΒΕΘ.</span> <span class='ocrx_word' id='word_1_3' title='bbox 521 351 573 410; x_wconf 81' lang='grc' dir='ltr'>ΕΤ</span> <span class='ocrx_word' id='word_1_4' title='bbox 586 352 680 411; x_wconf 85' lang='lat' dir='ltr'><strong>DUc.</strong></span> <span class='ocrx_word' id='word_1_5' title='bbox 701 355 844 429; x_wconf 71' lang='lat' dir='ltr'>praua,</span> <span class='ocrx_word' id='word_1_6' title='bbox 854 353 884 413; x_wconf 71' lang='lat'>1³.</span> <span class='ocrx_word' id='word_1_7' title='bbox 981 359 1054 426; x_wconf 70' lang='lat'>1071</span> 
     </span>
    </p>
   </div>
   <div class='ocr_carea' id='block_1_2' title="bbox 138 510 1143 1701">
    <p class='ocr_par' dir='ltr' id='par_1_2' title="bbox 138 510 1143 1701">
     <span class='ocr_line' id='line_1_2' title="bbox 138 510 1058 600; baseline 0.007 -28"><span class='ocrx_word' id='word_1_8' title='bbox 138 511 290 598; x_wconf 67' lang='lat' dir='ltr'>desponsam</span> <span class='ocrx_word' id='word_1_9' title='bbox 308 510 455 598; x_wconf 78' lang='lat' dir='ltr'>paulatim</span> <span class='ocrx_word' id='word_1_10' title='bbox 476 512 667 600; x_wconf 78' lang='lat' dir='ltr'>obtorpaiffet,</span> <span class='ocrx_word' id='word_1_11' title='bbox 690 520 803 577; x_wconf 67' lang='lat' dir='ltr'>coccias</span> <span class='ocrx_word' id='word_1_12' title='bbox 821 511 961 600; x_wconf 79' lang='lat' dir='ltr'>abſsstm,</span> <span class='ocrx_word' id='word_1_13' title='bbox 986 513 1058 578; x_wconf 79' lang='lat' dir='ltr'>Om-</span> 
     </span>
     <span class='ocr_line' id='line_1_3' title="bbox 138 611 1058 700; baseline 0.002 -26"><span class='ocrx_word' id='word_1_14' title='bbox 138 612 224 696; x_wconf 78' lang='lat' dir='ltr'>aqas&#39;t,</span> <span class='ocrx_word' id='word_1_15' title='bbox 236 612 347 700; x_wconf 78' lang='lat' dir='ltr'>jurant</span> <span class='ocrx_word' id='word_1_16' title='bbox 361 636 405 674; x_wconf 80' lang='lat' dir='ltr'>ma</span> <span class='ocrx_word' id='word_1_17' title='bbox 417 612 502 676; x_wconf 78' lang='lat' dir='ltr'>Jovis</span> <span class='ocrx_word' id='word_1_18' title='bbox 515 613 568 698; x_wconf 82' lang='lat' dir='ltr'>effe</span> <span class='ocrx_word' id='word_1_19' title='bbox 577 611 696 698; x_wconf 81' lang='lat' dir='ltr'>filium,</span> <span class='ocrx_word' id='word_1_20' title='bbox 705 614 766 700; x_wconf 83' lang='lat' dir='ltr'>scd</span> <span class='ocrx_word' id='word_1_21' title='bbox 778 612 890 677; x_wconf 80' lang='lat' dir='ltr'>vulnus</span> <span class='ocrx_word' id='word_1_22' title='bbox 902 615 954 677; x_wconf 84' lang='lat' dir='ltr'>boc</span> <span class='ocrx_word' id='word_1_23' title='bbox 967 615 1058 678; x_wconf 82' lang='lat' dir='ltr'>bami-</span> 
     </span>
     <span class='ocr_line' id='line_1_4' title="bbox 138 709 1058 800; baseline 0.007 -27"><span class='ocrx_word' id='word_1_24' title='bbox 138 711 183 797; x_wconf 72' lang='lat' dir='ltr'><em>ffi</em></span> <span class='ocrx_word' id='word_1_25' title='bbox 204 709 388 776; x_wconf 77' lang='lat' dir='ltr'>succlamat.</span> <span class='ocrx_word' id='word_1_26' title='bbox 424 712 490 777; x_wconf 85' lang='lat' dir='ltr'>Dio</span> <span class='ocrx_word' id='word_1_27' title='bbox 510 712 624 799; x_wconf 82' lang='lat' dir='ltr'>Chrys.</span> <span class='ocrx_word' id='word_1_28' title='bbox 644 713 701 776; x_wconf 84' lang='lat' dir='ltr'>Or.</span> <span class='ocrx_word' id='word_1_29' title='bbox 722 714 841 777; x_wconf 88' lang='lat' dir='ltr'><strong>LXIV.</strong></span> <span class='ocrx_word' id='word_1_30' title='bbox 865 735 899 800; x_wconf 88' lang='lat' dir='ltr'>p.</span> <span class='ocrx_word' id='word_1_31' title='bbox 913 715 989 800; x_wconf 79' lang='lat'><strong>598.</strong></span> <span class='ocrx_word' id='word_1_32' title='bbox 1005 715 1058 779; x_wconf 82' lang='lat' dir='ltr'>A:</span> 
     </span>
     <span class='ocr_line' id='line_1_5' title="bbox 139 812 1143 902; baseline 0.004 -28"><span class='ocrx_word' id='word_1_33' title='bbox 139 839 151 886; x_wconf 82' lang='grc' dir='ltr'><em>ς</em></span> <span class='ocrx_word' id='word_1_34' title='bbox 172 819 250 896; x_wconf 79' lang='grc' dir='ltr'><em>γοῦν,</em></span> <span class='ocrx_word' id='word_1_35' title='bbox 271 813 343 896; x_wconf 68' lang='grc' dir='ltr'>πρὸς</span> <span class='ocrx_word' id='word_1_36' title='bbox 363 813 424 885; x_wconf 76' lang='grc' dir='ltr'>τοὺς</span> <span class='ocrx_word' id='word_1_37' title='bbox 445 812 538 895; x_wconf 65' lang='grc' dir='ltr'><strong><em>φίλος,</em></strong></span> <span class='ocrx_word' id='word_1_38' title='bbox 555 815 653 875; x_wconf 69' lang='grc' dir='ltr'>Ἀλλὰ</span> <span class='ocrx_word' id='word_1_39' title='bbox 674 813 756 877; x_wconf 73' lang='lat' dir='ltr'>sciri</span> <span class='ocrx_word' id='word_1_40' title='bbox 774 838 809 897; x_wconf 76' lang='grc' dir='ltr'>γε</span> <span class='ocrx_word' id='word_1_41' title='bbox 830 818 878 877; x_wconf 76' lang='lat' dir='ltr'>cria</span> <span class='ocrx_word' id='word_1_42' title='bbox 901 814 972 902; x_wconf 72' lang='grc' dir='ltr'>ἶχῶς</span> <span class='ocrx_word' id='word_1_43' title='bbox 993 817 1060 893; x_wconf 68' lang='lat' dir='ltr'>lrrr,</span> <span class='ocrx_word' id='word_1_44' title='bbox 1141 818 1143 822; x_wconf 70' lang='grc'><strong>’</strong></span> 
     </span>
     <span class='ocr_line' id='line_1_6' title="bbox 138 910 1062 998; baseline 0.004 -22"><span class='ocrx_word' id='word_1_45' title='bbox 138 915 153 977; x_wconf 77' lang='lat' dir='ltr'>i</span> <span class='ocrx_word' id='word_1_46' title='bbox 169 911 236 998; x_wconf 69' lang='lat' dir='ltr'>piar,</span> <span class='ocrx_word' id='word_1_47' title='bbox 257 915 336 975; x_wconf 65' lang='lat' dir='ltr'>&amp;aaa</span> <span class='ocrx_word' id='word_1_48' title='bbox 357 910 430 992; x_wconf 69' lang='lat' dir='ltr'>alpe</span> <span class='ocrx_word' id='word_1_49' title='bbox 443 912 580 988; x_wconf 67' lang='grc' dir='ltr'>ἂληθινίν.</span> <span class='ocrx_word' id='word_1_50' title='bbox 616 913 664 976; x_wconf 82' lang='lat' dir='ltr'>At</span> <span class='ocrx_word' id='word_1_51' title='bbox 686 914 735 979; x_wconf 89' lang='lat' dir='ltr'>M.</span> <span class='ocrx_word' id='word_1_52' title='bbox 756 916 876 980; x_wconf 86' lang='lat' dir='ltr'>Seneca</span> <span class='ocrx_word' id='word_1_53' title='bbox 893 915 1017 979; x_wconf 84' lang='lat' dir='ltr'>Suasor.</span> <span class='ocrx_word' id='word_1_54' title='bbox 1033 917 1062 980; x_wconf 88' lang='grc' dir='ltr'>Ι.</span> 
     </span>
     <span class='ocr_line' id='line_1_7' title="bbox 142 1010 1062 1099; baseline 0.005 -25"><span class='ocrx_word' id='word_1_55' title='bbox 142 1032 162 1074; x_wconf 87' lang='lat' dir='ltr'>a</span> <span class='ocrx_word' id='word_1_56' title='bbox 179 1010 367 1076; x_wconf 82' lang='lat' dir='ltr'>Callisthene</span> <span class='ocrx_word' id='word_1_57' title='bbox 384 1011 519 1092; x_wconf 75' lang='lat' dir='ltr'>dictum,</span> <span class='ocrx_word' id='word_1_58' title='bbox 534 1034 627 1096; x_wconf 90' lang='lat' dir='ltr'>quem</span> <span class='ocrx_word' id='word_1_59' title='bbox 646 1027 811 1099; x_wconf 87' lang='lat' dir='ltr'>propterea</span> <span class='ocrx_word' id='word_1_60' title='bbox 824 1015 865 1078; x_wconf 85' lang='lat' dir='ltr'>ab</span> <span class='ocrx_word' id='word_1_61' title='bbox 880 1013 1062 1079; x_wconf 84' lang='lat' dir='ltr'>Alexandro</span> 
     </span>
     <span class='ocr_line' id='line_1_8' title="bbox 138 1110 1062 1200; baseline 0.005 -27"><span class='ocrx_word' id='word_1_62' title='bbox 138 1124 268 1175; x_wconf 74' lang='lat' dir='ltr'>rmtum:</span> <span class='ocrx_word' id='word_1_63' title='bbox 301 1111 374 1175; x_wconf 79' lang='lat' dir='ltr'>Cum</span> <span class='ocrx_word' id='word_1_64' title='bbox 396 1112 478 1174; x_wconf 85' lang='lat' dir='ltr'>Deus</span> <span class='ocrx_word' id='word_1_65' title='bbox 501 1110 591 1176; x_wconf 76' lang='lat' dir='ltr'>vallet</span> <span class='ocrx_word' id='word_1_66' title='bbox 611 1113 720 1191; x_wconf 80' lang='lat' dir='ltr'>videri,</span> <span class='ocrx_word' id='word_1_67' title='bbox 742 1124 770 1175; x_wconf 75' lang='lat' dir='ltr'>st</span> <span class='ocrx_word' id='word_1_68' title='bbox 790 1113 963 1178; x_wconf 76' lang='lat' dir='ltr'>vulneratus</span> <span class='ocrx_word' id='word_1_69' title='bbox 985 1116 1062 1200; x_wconf 80' lang='lat' dir='ltr'>sfflt,</span> 
     </span>
     <span class='ocr_line' id='line_1_9' title="bbox 138 1211 1065 1300; baseline 0.006 -28"><span class='ocrx_word' id='word_1_70' title='bbox 138 1211 268 1297; x_wconf 72' lang='lat' dir='ltr'>inguine</span> <span class='ocrx_word' id='word_1_71' title='bbox 288 1212 362 1298; x_wconf 69' lang='lat' dir='ltr'>ej&#39;us,</span> <span class='ocrx_word' id='word_1_72' title='bbox 382 1211 564 1299; x_wconf 63' lang='lat' dir='ltr'>pbilrffopbas</span> <span class='ocrx_word' id='word_1_73' title='bbox 586 1212 690 1275; x_wconf 80' lang='lat' dir='ltr'>mirari</span> <span class='ocrx_word' id='word_1_74' title='bbox 700 1215 738 1298; x_wconf 81' lang='lat' dir='ltr'>sa</span> <span class='ocrx_word' id='word_1_75' title='bbox 758 1215 887 1291; x_wconf 75' lang='lat' dir='ltr'>diceret,</span> <span class='ocrx_word' id='word_1_76' title='bbox 909 1216 988 1300; x_wconf 78' lang='lat' dir='ltr'>quod</span> <span class='ocrx_word' id='word_1_77' title='bbox 1007 1238 1065 1278; x_wconf 78' lang='lat' dir='ltr'>non</span> 
     </span>
     <span class='ocr_line' id='line_1_10' title="bbox 138 1310 1063 1400; baseline 0.001 -25"><span class='ocrx_word' id='word_1_78' title='bbox 138 1310 193 1395; x_wconf 58' lang='lat' dir='ltr'>grip</span> <span class='ocrx_word' id='word_1_79' title='bbox 207 1313 258 1387; x_wconf 74' lang='grc' dir='ltr'><strong>οἶος</strong></span> <span class='ocrx_word' id='word_1_80' title='bbox 270 1311 320 1400; x_wconf 76' lang='lat' dir='ltr'>sip</span> <span class='ocrx_word' id='word_1_81' title='bbox 334 1337 366 1376; x_wconf 85' lang='lat' dir='ltr'>rr</span> <span class='ocrx_word' id='word_1_82' title='bbox 377 1312 427 1399; x_wconf 67' lang='lat' dir='ltr'>plu</span> <span class='ocrx_word' id='word_1_83' title='bbox 441 1313 599 1395; x_wconf 68' lang='grc' dir='ltr'>μακάρεσσι</span> <span class='ocrx_word' id='word_1_84' title='bbox 612 1316 709 1377; x_wconf 68' lang='grc' dir='ltr'>θεοῖσι.</span> <span class='ocrx_word' id='word_1_85' title='bbox 746 1313 804 1378; x_wconf 74' lang='lat' dir='ltr'>Ille</span> <span class='ocrx_word' id='word_1_86' title='bbox 814 1315 852 1398; x_wconf 76' lang='lat' dir='ltr'>sir</span> <span class='ocrx_word' id='word_1_87' title='bbox 872 1313 911 1378; x_wconf 79' lang='lat' dir='ltr'>ab</span> <span class='ocrx_word' id='word_1_88' title='bbox 933 1315 989 1378; x_wconf 83' lang='lat' dir='ltr'>bac</span> <span class='ocrx_word' id='word_1_89' title='bbox 1008 1338 1063 1378; x_wconf 81' lang='lat' dir='ltr'>ar·</span> 
     </span>
     <span class='ocr_line' id='line_1_11' title="bbox 138 1412 1066 1502; baseline 0.005 -27"><span class='ocrx_word' id='word_1_90' title='bbox 138 1424 176 1475; x_wconf 80' lang='lat' dir='ltr'>rte</span> <span class='ocrx_word' id='word_1_91' title='bbox 187 1412 290 1477; x_wconf 79' lang='lat' dir='ltr'>lancea</span> <span class='ocrx_word' id='word_1_92' title='bbox 304 1413 485 1477; x_wconf 77' lang='lat' dir='ltr'><em>vindicavit.</em></span> <span class='ocrx_word' id='word_1_93' title='bbox 522 1413 648 1479; x_wconf 87' lang='lat' dir='ltr'>Ultima</span> <span class='ocrx_word' id='word_1_94' title='bbox 667 1426 704 1478; x_wconf 90' lang='lat' dir='ltr'>ut</span> <span class='ocrx_word' id='word_1_95' title='bbox 720 1435 740 1477; x_wconf 90' lang='lat' dir='ltr'>a</span> <span class='ocrx_word' id='word_1_96' title='bbox 753 1414 879 1480; x_wconf 89' lang='lat' dir='ltr'>rhetore</span> <span class='ocrx_word' id='word_1_97' title='bbox 894 1413 1066 1502; x_wconf 80' lang='lat' dir='ltr'>improprie</span> 
     </span>
     <span class='ocr_line' id='line_1_12' title="bbox 138 1513 1065 1601; baseline 0.004 -25"><span class='ocrx_word' id='word_1_98' title='bbox 138 1536 147 1577; x_wconf 80' lang='lat' dir='ltr'>r</span> <span class='ocrx_word' id='word_1_99' title='bbox 171 1513 273 1600; x_wconf 81' lang='lat' dir='ltr'>magis</span> <span class='ocrx_word' id='word_1_100' title='bbox 296 1527 480 1601; x_wconf 85' lang='lat' dir='ltr'>congruunt</span> <span class='ocrx_word' id='word_1_101' title='bbox 505 1514 536 1578; x_wconf 89' lang='lat' dir='ltr'>in</span> <span class='ocrx_word' id='word_1_102' title='bbox 563 1513 654 1591; x_wconf 90' lang='lat' dir='ltr'>Cliti,</span> <span class='ocrx_word' id='word_1_103' title='bbox 680 1536 775 1599; x_wconf 88' lang='lat' dir='ltr'>quam</span> <span class='ocrx_word' id='word_1_104' title='bbox 798 1513 830 1579; x_wconf 90' lang='lat' dir='ltr'>iu</span> <span class='ocrx_word' id='word_1_105' title='bbox 853 1513 1065 1595; x_wconf 84' lang='lat' dir='ltr'>Callisthenis,</span> 
     </span>
     <span class='ocr_line' id='line_1_13' title="bbox 138 1612 1065 1701; baseline 0.003 -25"><span class='ocrx_word' id='word_1_106' title='bbox 138 1634 177 1676; x_wconf 90' lang='lat' dir='ltr'>nr.</span> <span class='ocrx_word' id='word_1_107' title='bbox 212 1613 286 1677; x_wconf 87' lang='lat' dir='ltr'>Alia</span> <span class='ocrx_word' id='word_1_108' title='bbox 307 1613 404 1677; x_wconf 85' lang='lat' dir='ltr'>etiam</span> <span class='ocrx_word' id='word_1_109' title='bbox 426 1613 515 1677; x_wconf 87' lang='lat' dir='ltr'>dedit</span> <span class='ocrx_word' id='word_1_110' title='bbox 529 1613 700 1700; x_wconf 84' lang='lat' dir='ltr'>Menagius</span> <span class='ocrx_word' id='word_1_111' title='bbox 712 1612 753 1678; x_wconf 91' lang='lat' dir='ltr'>ad</span> <span class='ocrx_word' id='word_1_112' title='bbox 767 1613 867 1701; x_wconf 80' lang='lat' dir='ltr'>Diog.</span> <span class='ocrx_word' id='word_1_113' title='bbox 881 1615 988 1679; x_wconf 79' lang='lat' dir='ltr'>laert.</span> <span class='ocrx_word' id='word_1_114' title='bbox 1003 1616 1065 1680; x_wconf 89' lang='lat' dir='ltr'>lX.</span> 
     </span>
    </p>
   </div>
   <div class='ocr_carea' id='block_1_3' title="bbox 137 1813 1079 4305">
    <p class='ocr_par' dir='ltr' id='par_1_3' title="bbox 138 1813 1068 2499">
     <span class='ocr_line' id='line_1_14' title="bbox 138 1813 1067 1903; baseline 0.004 -25"><span class='ocrx_word' id='word_1_115' title='bbox 138 1834 163 1878; x_wconf 75' lang='lat' dir='ltr'>a.</span> <span class='ocrx_word' id='word_1_116' title='bbox 179 1815 218 1878; x_wconf 85' lang='lat' dir='ltr'><strong>E.</strong></span> <span class='ocrx_word' id='word_1_117' title='bbox 247 1813 297 1895; x_wconf 77' lang='grc' dir='ltr'>ιζ’.</span> <span class='ocrx_word' id='word_1_118' title='bbox 322 1813 535 1900; x_wconf 67' lang='grc' dir='ltr'><strong>λευκοπάςυφος]</strong></span> <span class='ocrx_word' id='word_1_119' title='bbox 568 1813 677 1883; x_wconf 77' lang='lat' dir='ltr'>Rarior</span> <span class='ocrx_word' id='word_1_120' title='bbox 693 1834 764 1895; x_wconf 86' lang='lat' dir='ltr'>vox,</span> <span class='ocrx_word' id='word_1_121' title='bbox 781 1813 872 1903; x_wconf 88' lang='lat' dir='ltr'>cujus</span> <span class='ocrx_word' id='word_1_122' title='bbox 893 1837 957 1881; x_wconf 86' lang='lat' dir='ltr'>noa</span> <span class='ocrx_word' id='word_1_123' title='bbox 979 1814 1067 1882; x_wconf 88' lang='lat' dir='ltr'>aliud</span> 
     </span>
     <span class='ocr_line' id='line_1_15' title="bbox 138 1913 1066 2001; baseline 0.003 -24"><span class='ocrx_word' id='word_1_124' title='bbox 138 1913 228 2000; x_wconf 90' lang='lat' dir='ltr'>plum</span> <span class='ocrx_word' id='word_1_125' title='bbox 243 1915 275 1977; x_wconf 91' lang='lat' dir='ltr'>in</span> <span class='ocrx_word' id='word_1_126' title='bbox 288 1914 402 2000; x_wconf 90' lang='lat' dir='ltr'>Steph.</span> <span class='ocrx_word' id='word_1_127' title='bbox 413 1914 509 2000; x_wconf 82' lang='lat' dir='ltr'>Thes.</span> <span class='ocrx_word' id='word_1_128' title='bbox 524 1914 688 2000; x_wconf 72' lang='lat' dir='ltr'>proditur:</span> <span class='ocrx_word' id='word_1_129' title='bbox 705 1914 888 2001; x_wconf 88' lang='lat' dir='ltr'>accipienda</span> <span class='ocrx_word' id='word_1_130' title='bbox 900 1938 964 1981; x_wconf 91' lang='lat' dir='ltr'>uon</span> <span class='ocrx_word' id='word_1_131' title='bbox 975 1913 1066 2000; x_wconf 61' lang='lat' dir='ltr'>velli·</span> 
     </span>
     <span class='ocr_line' id='line_1_16' title="bbox 138 2012 1067 2101; baseline 0.008 -25"><span class='ocrx_word' id='word_1_132' title='bbox 138 2013 182 2100; x_wconf 70' lang='lat' dir='ltr'>fis</span> <span class='ocrx_word' id='word_1_133' title='bbox 197 2012 265 2077; x_wconf 85' lang='lat' dir='ltr'>albe</span> <span class='ocrx_word' id='word_1_134' title='bbox 285 2012 371 2078; x_wconf 81' lang='lat' dir='ltr'>limbo</span> <span class='ocrx_word' id='word_1_135' title='bbox 389 2026 550 2101; x_wconf 68' lang='lat' dir='ltr'>praetexta,</span> <span class='ocrx_word' id='word_1_136' title='bbox 561 2015 621 2100; x_wconf 80' lang='lat' dir='ltr'>ssd</span> <span class='ocrx_word' id='word_1_137' title='bbox 637 2015 708 2079; x_wconf 82' lang='lat' dir='ltr'>alba</span> <span class='ocrx_word' id='word_1_138' title='bbox 722 2013 797 2101; x_wconf 81' lang='lat' dir='ltr'>veste</span> <span class='ocrx_word' id='word_1_139' title='bbox 811 2015 942 2095; x_wconf 74' lang='lat' dir='ltr'>indutus,</span> <span class='ocrx_word' id='word_1_140' title='bbox 955 2036 995 2080; x_wconf 83' lang='lat' dir='ltr'>ex</span> <span class='ocrx_word' id='word_1_141' title='bbox 1008 2016 1067 2083; x_wconf 80' lang='lat' dir='ltr'>usu</span> 
     </span>
     <span class='ocr_line' id='line_1_17' title="bbox 138 2112 1068 2203; baseline 0.002 -24"><span class='ocrx_word' id='word_1_142' title='bbox 138 2112 269 2179; x_wconf 84' lang='lat' dir='ltr'>entioria</span> <span class='ocrx_word' id='word_1_143' title='bbox 283 2114 367 2178; x_wconf 86' lang='lat' dir='ltr'>vocis</span> <span class='ocrx_word' id='word_1_144' title='bbox 381 2113 540 2201; x_wconf 62' lang='grc' dir='ltr'>εὐπάρυφος,</span> <span class='ocrx_word' id='word_1_145' title='bbox 556 2114 624 2178; x_wconf 81' lang='lat' dir='ltr'>bene</span> <span class='ocrx_word' id='word_1_146' title='bbox 642 2112 774 2200; x_wconf 55' lang='lat' dir='ltr'>vellitus,</span> <span class='ocrx_word' id='word_1_147' title='bbox 794 2115 834 2180; x_wconf 87' lang='lat' dir='ltr'>dc</span> <span class='ocrx_word' id='word_1_148' title='bbox 847 2137 912 2203; x_wconf 77' lang='lat' dir='ltr'>que</span> <span class='ocrx_word' id='word_1_149' title='bbox 928 2115 1068 2181; x_wconf 78' lang='lat' dir='ltr'>diximus</span> 
     </span>
     <span class='ocr_line' id='line_1_18' title="bbox 142 2214 1066 2304; baseline 0.005 -26"><span class='ocrx_word' id='word_1_150' title='bbox 142 2261 151 2278; x_wconf 95' lang='lat'><strong>.</strong></span> <span class='ocrx_word' id='word_1_151' title='bbox 165 2216 209 2280; x_wconf 79' lang='lat' dir='ltr'><strong>A.</strong></span> <span class='ocrx_word' id='word_1_152' title='bbox 243 2215 414 2300; x_wconf 80' lang='lat' dir='ltr'>Antipater</span> <span class='ocrx_word' id='word_1_153' title='bbox 435 2215 467 2279; x_wconf 91' lang='lat' dir='ltr'>in</span> <span class='ocrx_word' id='word_1_154' title='bbox 490 2214 574 2280; x_wconf 67' lang='lat' dir='ltr'>victu</span> <span class='ocrx_word' id='word_1_155' title='bbox 592 2228 626 2281; x_wconf 88' lang='lat' dir='ltr'>et</span> <span class='ocrx_word' id='word_1_156' title='bbox 647 2215 757 2281; x_wconf 87' lang='lat' dir='ltr'>vestitu</span> <span class='ocrx_word' id='word_1_157' title='bbox 770 2214 986 2304; x_wconf 72' lang='lat' dir='ltr'>frugalitatem</span> <span class='ocrx_word' id='word_1_158' title='bbox 999 2215 1066 2303; x_wconf 86' lang='lat' dir='ltr'>pri·</span> 
     </span>
     <span class='ocr_line' id='line_1_19' title="bbox 138 2312 1068 2406; baseline 0.003 -25"><span class='ocrx_word' id='word_1_159' title='bbox 138 2328 169 2381; x_wconf 83' lang='lat' dir='ltr'>et</span> <span class='ocrx_word' id='word_1_160' title='bbox 193 2315 328 2401; x_wconf 87' lang='lat' dir='ltr'>speciem</span> <span class='ocrx_word' id='word_1_161' title='bbox 350 2312 576 2379; x_wconf 77' lang='lat' dir='ltr'>moderationis</span> <span class='ocrx_word' id='word_1_162' title='bbox 598 2315 784 2382; x_wconf 70' lang='lat' dir='ltr'>affectabatr</span> <span class='ocrx_word' id='word_1_163' title='bbox 813 2317 859 2382; x_wconf 89' lang='lat' dir='ltr'>ita</span> <span class='ocrx_word' id='word_1_164' title='bbox 874 2315 943 2406; x_wconf 89' lang='lat' dir='ltr'>ejus</span> <span class='ocrx_word' id='word_1_165' title='bbox 963 2332 1068 2384; x_wconf 79' lang='lat' dir='ltr'>mores</span> 
     </span>
     <span class='ocr_line' id='line_1_20' title="bbox 138 2412 777 2499; baseline 0.002 -21"><span class='ocrx_word' id='word_1_166' title='bbox 138 2412 171 2478; x_wconf 79' lang='lat' dir='ltr'>dt</span> <span class='ocrx_word' id='word_1_167' title='bbox 185 2412 369 2477; x_wconf 75' lang='lat' dir='ltr'>Plutarchus</span> <span class='ocrx_word' id='word_1_168' title='bbox 383 2412 415 2477; x_wconf 87' lang='lat' dir='ltr'>in</span> <span class='ocrx_word' id='word_1_169' title='bbox 433 2412 591 2477; x_wconf 83' lang='lat' dir='ltr'>Phocione</span> <span class='ocrx_word' id='word_1_170' title='bbox 607 2435 640 2499; x_wconf 87' lang='lat' dir='ltr'>p.</span> <span class='ocrx_word' id='word_1_171' title='bbox 651 2428 726 2498; x_wconf 84' lang='lat'><strong>754.</strong></span> <span class='ocrx_word' id='word_1_172' title='bbox 738 2415 777 2479; x_wconf 87' lang='grc' dir='ltr'>Ε.</span> 
     </span>
    </p>

    <p class='ocr_par' dir='ltr' id='par_1_4' title="bbox 137 2511 1074 3703">
     <span class='ocr_line' id='line_1_21' title="bbox 138 2511 1068 2599; baseline 0.003 -22"><span class='ocrx_word' id='word_1_173' title='bbox 138 2532 167 2577; x_wconf 84' lang='lat'><strong>0.</strong></span> <span class='ocrx_word' id='word_1_174' title='bbox 179 2515 219 2577; x_wconf 90' lang='lat' dir='ltr'><strong>E.</strong></span> <span class='ocrx_word' id='word_1_175' title='bbox 241 2512 286 2592; x_wconf 76' lang='grc' dir='ltr'>ιη’.</span> <span class='ocrx_word' id='word_1_176' title='bbox 304 2512 422 2599; x_wconf 50' lang='lat' dir='ltr'>ignifer]</span> <span class='ocrx_word' id='word_1_177' title='bbox 436 2511 574 2598; x_wconf 79' lang='lat' dir='ltr'>fomlam</span> <span class='ocrx_word' id='word_1_178' title='bbox 592 2512 788 2599; x_wconf 82' lang='lat' dir='ltr'>gestabilem,</span> <span class='ocrx_word' id='word_1_179' title='bbox 810 2513 981 2580; x_wconf 79' lang='lat' dir='ltr'>mobilems</span> <span class='ocrx_word' id='word_1_180' title='bbox 1004 2513 1068 2580; x_wconf 91' lang='lat' dir='ltr'>hu·</span> 
     </span>
     <span class='ocr_line' id='line_1_22' title="bbox 138 2612 1069 2694; baseline 0 -16"><span class='ocrx_word' id='word_1_181' title='bbox 138 2627 189 2679; x_wconf 63' lang='lat' dir='ltr'>rmt</span> <span class='ocrx_word' id='word_1_182' title='bbox 209 2613 345 2679; x_wconf 88' lang='lat' dir='ltr'>diversus</span> <span class='ocrx_word' id='word_1_183' title='bbox 360 2613 433 2677; x_wconf 89' lang='lat' dir='ltr'>usus</span> <span class='ocrx_word' id='word_1_184' title='bbox 454 2612 502 2676; x_wconf 85' lang='lat' dir='ltr'>vel</span> <span class='ocrx_word' id='word_1_185' title='bbox 524 2612 566 2677; x_wconf 90' lang='lat' dir='ltr'>ad</span> <span class='ocrx_word' id='word_1_186' title='bbox 587 2612 771 2679; x_wconf 73' lang='lat' dir='ltr'>smrificium</span> <span class='ocrx_word' id='word_1_187' title='bbox 792 2613 949 2680; x_wconf 83' lang='lat' dir='ltr'>adolendo</span> <span class='ocrx_word' id='word_1_188' title='bbox 969 2614 1069 2694; x_wconf 88' lang='lat' dir='ltr'>thuri,</span> 
     </span>
     <span class='ocr_line' id='line_1_23' title="bbox 138 2712 1069 2799; baseline -0.001 -23"><span class='ocrx_word' id='word_1_189' title='bbox 138 2714 162 2779; x_wconf 94' lang='lat' dir='ltr'>.d</span> <span class='ocrx_word' id='word_1_190' title='bbox 183 2715 330 2779; x_wconf 88' lang='lat' dir='ltr'>conclave</span> <span class='ocrx_word' id='word_1_191' title='bbox 351 2713 598 2779; x_wconf 84' lang='lat' dir='ltr'>calefaciendum</span> <span class='ocrx_word' id='word_1_192' title='bbox 623 2712 714 2799; x_wconf 79' lang='lat' dir='ltr'>potiti</span> <span class='ocrx_word' id='word_1_193' title='bbox 735 2713 768 2778; x_wconf 91' lang='lat' dir='ltr'>in</span> <span class='ocrx_word' id='word_1_194' title='bbox 786 2713 873 2799; x_wconf 86' lang='lat' dir='ltr'>soca,</span> <span class='ocrx_word' id='word_1_195' title='bbox 896 2717 922 2776; x_wconf 76' lang='lat' dir='ltr'>ir</span> <span class='ocrx_word' id='word_1_196' title='bbox 943 2718 975 2799; x_wconf 71' lang='grc' dir='ltr'>τῇ</span> <span class='ocrx_word' id='word_1_197' title='bbox 996 2713 1069 2799; x_wconf 72' lang='lat' dir='ltr'>klp·</span> 
     </span>
     <span class='ocr_line' id='line_1_24' title="bbox 138 2811 1070 2899; baseline -0.002 -19"><span class='ocrx_word' id='word_1_198' title='bbox 138 2814 228 2880; x_wconf 88' lang='lat' dir='ltr'>etiam</span> <span class='ocrx_word' id='word_1_199' title='bbox 242 2815 315 2879; x_wconf 89' lang='lat' dir='ltr'>usus</span> <span class='ocrx_word' id='word_1_200' title='bbox 330 2814 362 2878; x_wconf 91' lang='lat' dir='ltr'>in</span> <span class='ocrx_word' id='word_1_201' title='bbox 377 2813 493 2879; x_wconf 87' lang='lat' dir='ltr'>culina.</span> <span class='ocrx_word' id='word_1_202' title='bbox 529 2815 581 2879; x_wconf 92' lang='lat' dir='ltr'>De</span> <span class='ocrx_word' id='word_1_203' title='bbox 596 2813 724 2899; x_wconf 81' lang='lat' dir='ltr'>fingulis</span> <span class='ocrx_word' id='word_1_204' title='bbox 743 2825 834 2879; x_wconf 87' lang='lat' dir='ltr'>notat</span> <span class='ocrx_word' id='word_1_205' title='bbox 855 2811 966 2878; x_wconf 84' lang='lat' dir='ltr'>Pollux</span> <span class='ocrx_word' id='word_1_206' title='bbox 977 2834 1070 2878; x_wconf 88' lang='lat' dir='ltr'>cotn-</span> 
     </span>
     <span class='ocr_line' id='line_1_25' title="bbox 137 2910 1071 2996; baseline 0 -19"><span class='ocrx_word' id='word_1_207' title='bbox 137 2913 197 2980; x_wconf 83' lang='lat' dir='ltr'>bue</span> <span class='ocrx_word' id='word_1_208' title='bbox 210 2913 307 2978; x_wconf 85' lang='lat' dir='ltr'>locis:</span> <span class='ocrx_word' id='word_1_209' title='bbox 330 2913 370 2978; x_wconf 92' lang='lat' dir='ltr'>de</span> <span class='ocrx_word' id='word_1_210' title='bbox 384 2912 476 2977; x_wconf 82' lang='lat' dir='ltr'>sacris</span> <span class='ocrx_word' id='word_1_211' title='bbox 491 2913 722 2996; x_wconf 82' lang='lat' dir='ltr'>Harpocration</span> <span class='ocrx_word' id='word_1_212' title='bbox 736 2911 768 2975; x_wconf 92' lang='lat' dir='ltr'>in</span> <span class='ocrx_word' id='word_1_213' title='bbox 784 2932 877 2977; x_wconf 81' lang='lat' dir='ltr'>vocer</span> <span class='ocrx_word' id='word_1_214' title='bbox 899 2910 944 2976; x_wconf 92' lang='lat' dir='ltr'>ibi</span> <span class='ocrx_word' id='word_1_215' title='bbox 958 2911 1071 2977; x_wconf 87' lang='lat' dir='ltr'>Maus·</span> 
     </span>
     <span class='ocr_line' id='line_1_26' title="bbox 138 3012 1073 3099; baseline 0.003 -23"><span class='ocrx_word' id='word_1_216' title='bbox 138 3028 195 3079; x_wconf 78' lang='lat' dir='ltr'>ret</span> <span class='ocrx_word' id='word_1_217' title='bbox 218 3015 259 3080; x_wconf 88' lang='lat' dir='ltr'>ad</span> <span class='ocrx_word' id='word_1_218' title='bbox 281 3037 354 3080; x_wconf 91' lang='lat' dir='ltr'>eum</span> <span class='ocrx_word' id='word_1_219' title='bbox 376 3013 515 3078; x_wconf 85' lang='lat' dir='ltr'>Valefius</span> <span class='ocrx_word' id='word_1_220' title='bbox 536 3035 569 3099; x_wconf 91' lang='lat' dir='ltr'>p.</span> <span class='ocrx_word' id='word_1_221' title='bbox 592 3032 625 3076; x_wconf 93' lang='lat'>11</span> <span class='ocrx_word' id='word_1_222' title='bbox 629 3026 662 3097; x_wconf 84' lang='lat'><strong>5.</strong></span> <span class='ocrx_word' id='word_1_223' title='bbox 699 3012 885 3078; x_wconf 74' lang='lat' dir='ltr'>Plutarchus</span> <span class='ocrx_word' id='word_1_224' title='bbox 905 3012 1073 3099; x_wconf 77' lang='lat' dir='ltr'>aliquoties</span> 
     </span>
     <span class='ocr_line' id='line_1_27' title="bbox 138 3111 1073 3201; baseline 0 -22"><span class='ocrx_word' id='word_1_225' title='bbox 138 3130 168 3180; x_wconf 82' lang='lat' dir='ltr'>t:</span> <span class='ocrx_word' id='word_1_226' title='bbox 199 3114 297 3179; x_wconf 87' lang='lat' dir='ltr'>veluti</span> <span class='ocrx_word' id='word_1_227' title='bbox 319 3114 433 3201; x_wconf 89' lang='lat' dir='ltr'>Gryllo</span> <span class='ocrx_word' id='word_1_228' title='bbox 454 3136 487 3201; x_wconf 90' lang='lat' dir='ltr'>p.</span> <span class='ocrx_word' id='word_1_229' title='bbox 503 3113 577 3200; x_wconf 87' lang='lat'><strong>988.</strong></span> <span class='ocrx_word' id='word_1_230' title='bbox 594 3114 633 3176; x_wconf 95' lang='lat' dir='ltr'><strong>B.</strong></span> <span class='ocrx_word' id='word_1_231' title='bbox 655 3112 696 3177; x_wconf 88' lang='lat' dir='ltr'>ad</span> <span class='ocrx_word' id='word_1_232' title='bbox 724 3111 865 3201; x_wconf 81' lang='lat' dir='ltr'>Ulyllem</span> <span class='ocrx_word' id='word_1_233' title='bbox 886 3113 1024 3180; x_wconf 75' lang='lat' dir='ltr'>dicitur:</span> <span class='ocrx_word' id='word_1_234' title='bbox 1055 3121 1073 3193; x_wconf 73' lang='grc' dir='ltr'><strong>ἡ</strong></span> 
     </span>
     <span class='ocr_line' id='line_1_28' title="bbox 147 3213 1071 3303; baseline 0 -23"><span class='ocrx_word' id='word_1_235' title='bbox 147 3224 197 3280; x_wconf 82' lang='lat' dir='ltr'>cari</span> <span class='ocrx_word' id='word_1_236' title='bbox 212 3221 398 3297; x_wconf 72' lang='grc' dir='ltr'>πολιμῦπος,</span> <span class='ocrx_word' id='word_1_237' title='bbox 418 3213 484 3279; x_wconf 76' lang='lat' dir='ltr'>risos</span> <span class='ocrx_word' id='word_1_238' title='bbox 497 3214 617 3293; x_wconf 60' lang='lat' dir='ltr'>redieras</span> <span class='ocrx_word' id='word_1_239' title='bbox 630 3215 694 3299; x_wconf 67' lang='lat' dir='ltr'>spis</span> <span class='ocrx_word' id='word_1_240' title='bbox 707 3215 814 3300; x_wconf 71' lang='grc' dir='ltr'>ὶχίιραν</span> <span class='ocrx_word' id='word_1_241' title='bbox 826 3213 968 3303; x_wconf 43' lang='lat' dir='ltr'>magist.</span> <span class='ocrx_word' id='word_1_242' title='bbox 1006 3215 1071 3280; x_wconf 85' lang='lat' dir='ltr'>Ca·</span> 
     </span>
     <span class='ocr_line' id='line_1_29' title="bbox 144 3314 1074 3403; baseline 0 -22"><span class='ocrx_word' id='word_1_243' title='bbox 144 3316 225 3403; x_wconf 89' lang='lat' dir='ltr'><strong>Maj.</strong></span> <span class='ocrx_word' id='word_1_244' title='bbox 250 3337 283 3402; x_wconf 89' lang='lat' dir='ltr'>p.</span> <span class='ocrx_word' id='word_1_245' title='bbox 300 3331 373 3400; x_wconf 84' lang='grc'><strong>337.</strong></span> <span class='ocrx_word' id='word_1_246' title='bbox 390 3317 443 3381; x_wconf 82' lang='lat' dir='ltr'>Dr</span> <span class='ocrx_word' id='word_1_247' title='bbox 467 3315 508 3380; x_wconf 87' lang='lat' dir='ltr'>de</span> <span class='ocrx_word' id='word_1_248' title='bbox 529 3316 579 3379; x_wconf 91' lang='lat' dir='ltr'>M.</span> <span class='ocrx_word' id='word_1_249' title='bbox 596 3314 709 3393; x_wconf 88' lang='lat' dir='ltr'>Curio,</span> <span class='ocrx_word' id='word_1_250' title='bbox 726 3317 789 3402; x_wconf 64' lang='lat' dir='ltr'>spir</span> <span class='ocrx_word' id='word_1_251' title='bbox 811 3316 905 3402; x_wconf 69' lang='grc' dir='ltr'>ὔχίιρᾳ</span> <span class='ocrx_word' id='word_1_252' title='bbox 922 3317 1074 3399; x_wconf 62' lang='grc' dir='ltr'>καθήμενοι</span> 
     </span>
     <span class='ocr_line' id='line_1_30' title="bbox 148 3415 1073 3503; baseline 0.002 -22"><span class='ocrx_word' id='word_1_253' title='bbox 148 3417 250 3493; x_wconf 64' lang='grc' dir='ltr'>ἕψοντα</span> <span class='ocrx_word' id='word_1_254' title='bbox 263 3416 427 3502; x_wconf 53' lang='lat' dir='ltr'>*sapientiae</span> <span class='ocrx_word' id='word_1_255' title='bbox 440 3415 566 3502; x_wconf 62' lang='grc' dir='ltr'>εὑρόντες.</span> <span class='ocrx_word' id='word_1_256' title='bbox 596 3417 633 3479; x_wconf 92' lang='lat' dir='ltr'>In</span> <span class='ocrx_word' id='word_1_257' title='bbox 649 3437 681 3479; x_wconf 91' lang='lat' dir='ltr'>re</span> <span class='ocrx_word' id='word_1_258' title='bbox 695 3416 779 3480; x_wconf 86' lang='lat' dir='ltr'>sacra</span> <span class='ocrx_word' id='word_1_259' title='bbox 792 3416 921 3503; x_wconf 88' lang='lat' dir='ltr'>ponitur</span> <span class='ocrx_word' id='word_1_260' title='bbox 936 3417 987 3482; x_wconf 90' lang='lat' dir='ltr'>De</span> <span class='ocrx_word' id='word_1_261' title='bbox 1002 3416 1073 3483; x_wconf 80' lang='lat' dir='ltr'>lid.</span> 
     </span>
     <span class='ocr_line' id='line_1_31' title="bbox 138 3515 1073 3604; baseline -0.002 -20"><span class='ocrx_word' id='word_1_262' title='bbox 138 3519 179 3584; x_wconf 81' lang='lat' dir='ltr'>ir.</span> <span class='ocrx_word' id='word_1_263' title='bbox 194 3541 227 3604; x_wconf 95' lang='lat' dir='ltr'>p.</span> <span class='ocrx_word' id='word_1_264' title='bbox 237 3535 313 3604; x_wconf 94' lang='grc'><strong>355.</strong></span> <span class='ocrx_word' id='word_1_265' title='bbox 327 3518 370 3582; x_wconf 83' lang='grc' dir='ltr'>Α.</span> <span class='ocrx_word' id='word_1_266' title='bbox 386 3529 423 3581; x_wconf 90' lang='lat' dir='ltr'>ut</span> <span class='ocrx_word' id='word_1_267' title='bbox 437 3515 545 3602; x_wconf 67' lang='lat' dir='ltr'>imis,</span> <span class='ocrx_word' id='word_1_268' title='bbox 559 3515 627 3582; x_wconf 74' lang='lat' dir='ltr'>Vrt.</span> <span class='ocrx_word' id='word_1_269' title='bbox 642 3537 676 3601; x_wconf 91' lang='lat' dir='ltr'><strong>p.</strong></span> <span class='ocrx_word' id='word_1_270' title='bbox 694 3518 764 3580; x_wconf 88' lang='lat'><strong>106.</strong></span> <span class='ocrx_word' id='word_1_271' title='bbox 777 3518 814 3582; x_wconf 91' lang='lat' dir='ltr'><strong>B.</strong></span> <span class='ocrx_word' id='word_1_272' title='bbox 835 3530 910 3601; x_wconf 75' lang='lat'><strong>553.</strong></span> <span class='ocrx_word' id='word_1_273' title='bbox 925 3517 969 3581; x_wconf 81' lang='lat' dir='ltr'><strong>A.</strong></span> <span class='ocrx_word' id='word_1_274' title='bbox 997 3518 1073 3582; x_wconf 91' lang='lat' dir='ltr'>Por·</span> 
     </span>
     <span class='ocr_line' id='line_1_32' title="bbox 138 3614 948 3703; baseline -0.005 -20"><span class='ocrx_word' id='word_1_275' title='bbox 138 3618 188 3683; x_wconf 91' lang='lat' dir='ltr'>ius</span> <span class='ocrx_word' id='word_1_276' title='bbox 202 3617 242 3682; x_wconf 90' lang='lat' dir='ltr'>de</span> <span class='ocrx_word' id='word_1_277' title='bbox 256 3619 359 3682; x_wconf 84' lang='lat' dir='ltr'>Antro</span> <span class='ocrx_word' id='word_1_278' title='bbox 373 3615 518 3702; x_wconf 88' lang='lat' dir='ltr'><strong>Nymph.</strong></span> <span class='ocrx_word' id='word_1_279' title='bbox 534 3615 566 3703; x_wconf 93' lang='grc'><strong>5.</strong></span> <span class='ocrx_word' id='word_1_280' title='bbox 580 3618 613 3679; x_wconf 87' lang='grc'>6.</span> <span class='ocrx_word' id='word_1_281' title='bbox 641 3614 779 3701; x_wconf 85' lang='lat' dir='ltr'>Polyren.</span> <span class='ocrx_word' id='word_1_282' title='bbox 795 3616 855 3680; x_wconf 95' lang='lat' dir='ltr'><strong>IV.</strong></span> <span class='ocrx_word' id='word_1_283' title='bbox 870 3616 901 3680; x_wconf 89' lang='lat'><strong>8.</strong></span> <span class='ocrx_word' id='word_1_284' title='bbox 916 3634 948 3682; x_wconf 79' lang='lat'><strong>2.</strong></span> 
     </span>
    </p>

    <p class='ocr_par' dir='ltr' id='par_1_5' title="bbox 138 3713 1078 4204">
     <span class='ocr_line' id='line_1_33' title="bbox 138 3713 1075 3802; baseline -0.003 -18"><span class='ocrx_word' id='word_1_285' title='bbox 138 3740 172 3784; x_wconf 91' lang='lat' dir='ltr'>o.</span> <span class='ocrx_word' id='word_1_286' title='bbox 188 3722 224 3784; x_wconf 93' lang='grc' dir='ltr'>Ρ.</span> <span class='ocrx_word' id='word_1_287' title='bbox 246 3717 297 3801; x_wconf 83' lang='lat' dir='ltr'>rr‘.]</span> <span class='ocrx_word' id='word_1_288' title='bbox 325 3717 437 3780; x_wconf 82' lang='lat' dir='ltr'>Euium</span> <span class='ocrx_word' id='word_1_289' title='bbox 458 3715 621 3780; x_wconf 88' lang='lat' dir='ltr'>tibicinem</span> <span class='ocrx_word' id='word_1_290' title='bbox 644 3713 825 3781; x_wconf 83' lang='lat' dir='ltr'>Alexandro</span> <span class='ocrx_word' id='word_1_291' title='bbox 836 3730 966 3802; x_wconf 81' lang='lat' dir='ltr'>gratum</span> <span class='ocrx_word' id='word_1_292' title='bbox 986 3716 1075 3782; x_wconf 83' lang='lat' dir='ltr'>novi·</span> 
     </span>
     <span class='ocr_line' id='line_1_34' title="bbox 141 3814 1077 3904; baseline -0.001 -20"><span class='ocrx_word' id='word_1_293' title='bbox 141 3841 182 3884; x_wconf 83' lang='lat' dir='ltr'>ex</span> <span class='ocrx_word' id='word_1_294' title='bbox 196 3817 273 3885; x_wconf 74' lang='lat' dir='ltr'>Vua</span> <span class='ocrx_word' id='word_1_295' title='bbox 286 3816 438 3882; x_wconf 86' lang='lat' dir='ltr'>Eumenis</span> <span class='ocrx_word' id='word_1_296' title='bbox 450 3837 483 3903; x_wconf 92' lang='lat' dir='ltr'>p.</span> <span class='ocrx_word' id='word_1_297' title='bbox 488 3816 564 3901; x_wconf 87' lang='grc'><strong>583.</strong></span> <span class='ocrx_word' id='word_1_298' title='bbox 573 3816 625 3880; x_wconf 84' lang='lat' dir='ltr'>Dr</span> <span class='ocrx_word' id='word_1_299' title='bbox 648 3814 797 3902; x_wconf 85' lang='lat' dir='ltr'>idemque</span> <span class='ocrx_word' id='word_1_300' title='bbox 811 3815 934 3881; x_wconf 87' lang='lat' dir='ltr'>videtur</span> <span class='ocrx_word' id='word_1_301' title='bbox 947 3817 1006 3882; x_wconf 85' lang='lat' dir='ltr'>eil&#39;e</span> <span class='ocrx_word' id='word_1_302' title='bbox 1020 3818 1077 3904; x_wconf 87' lang='lat' dir='ltr'>qui</span> 
     </span>
     <span class='ocr_line' id='line_1_35' title="bbox 138 3915 1077 4000; baseline 0 -17"><span class='ocrx_word' id='word_1_303' title='bbox 138 3933 253 3983; x_wconf 74' lang='lat' dir='ltr'>roratur</span> <span class='ocrx_word' id='word_1_304' title='bbox 278 3917 439 3981; x_wconf 79' lang='lat' dir='ltr'>Athenaeo</span> <span class='ocrx_word' id='word_1_305' title='bbox 469 3916 546 3979; x_wconf 87' lang='lat' dir='ltr'>Xll.</span> <span class='ocrx_word' id='word_1_306' title='bbox 575 3937 608 4000; x_wconf 90' lang='lat' dir='ltr'><strong>p.</strong></span> <span class='ocrx_word' id='word_1_307' title='bbox 633 3916 710 4000; x_wconf 90' lang='grc'><strong>538.</strong></span> <span class='ocrx_word' id='word_1_308' title='bbox 736 3917 771 3979; x_wconf 87' lang='grc' dir='ltr'>Ρ.</span> <span class='ocrx_word' id='word_1_309' title='bbox 815 3915 890 3979; x_wconf 84' lang='lat' dir='ltr'>Alia</span> <span class='ocrx_word' id='word_1_310' title='bbox 916 3915 1010 3980; x_wconf 89' lang='lat' dir='ltr'>etiam</span> <span class='ocrx_word' id='word_1_311' title='bbox 1035 3916 1077 3983; x_wconf 85' lang='lat' dir='ltr'>de</span> 
     </span>
     <span class='ocr_line' id='line_1_36' title="bbox 138 4013 1078 4084; baseline 0 -1"><span class='ocrx_word' id='word_1_312' title='bbox 138 4020 160 4083; x_wconf 82' lang='lat' dir='ltr'>&#39;a</span> <span class='ocrx_word' id='word_1_313' title='bbox 190 4015 370 4083; x_wconf 83' lang='lat' dir='ltr'>Alexander</span> <span class='ocrx_word' id='word_1_314' title='bbox 394 4017 492 4080; x_wconf 86' lang='lat' dir='ltr'>iratus</span> <span class='ocrx_word' id='word_1_315' title='bbox 521 4015 691 4080; x_wconf 80' lang='lat' dir='ltr'>Callandro</span> <span class='ocrx_word' id='word_1_316' title='bbox 718 4013 750 4078; x_wconf 94' lang='lat' dir='ltr'>in</span> <span class='ocrx_word' id='word_1_317' title='bbox 774 4036 849 4080; x_wconf 90' lang='lat' dir='ltr'>eum</span> <span class='ocrx_word' id='word_1_318' title='bbox 878 4014 1021 4082; x_wconf 82' lang='lat' dir='ltr'>involaffe</span> <span class='ocrx_word' id='word_1_319' title='bbox 1042 4030 1078 4084; x_wconf 84' lang='lat' dir='ltr'>et</span> 
     </span>
     <span class='ocr_line' id='line_1_37' title="bbox 138 4113 1023 4204; baseline -0.003 -18"><span class='ocrx_word' id='word_1_320' title='bbox 138 4141 185 4186; x_wconf 82' lang='lat' dir='ltr'>era</span> <span class='ocrx_word' id='word_1_321' title='bbox 199 4117 363 4183; x_wconf 81' lang='lat' dir='ltr'>contuliue</span> <span class='ocrx_word' id='word_1_322' title='bbox 378 4130 521 4181; x_wconf 85' lang='lat' dir='ltr'>narratur</span> <span class='ocrx_word' id='word_1_323' title='bbox 536 4115 706 4180; x_wconf 89' lang='lat' dir='ltr'>Plutarcho</span> <span class='ocrx_word' id='word_1_324' title='bbox 719 4113 754 4204; x_wconf 80' lang='lat' dir='ltr'>in</span> <span class='ocrx_word' id='word_1_325' title='bbox 766 4115 843 4182; x_wconf 82' lang='lat' dir='ltr'>Vrta</span> <span class='ocrx_word' id='word_1_326' title='bbox 855 4136 889 4201; x_wconf 91' lang='lat' dir='ltr'><strong>p.</strong></span> <span class='ocrx_word' id='word_1_327' title='bbox 900 4129 974 4200; x_wconf 77' lang='grc'><strong>705.</strong></span> <span class='ocrx_word' id='word_1_328' title='bbox 985 4118 1023 4183; x_wconf 87' lang='grc' dir='ltr'>Ρ.</span> 
     </span>
    </p>

    <p class='ocr_par' dir='ltr' id='par_1_6' title="bbox 138 4212 1079 4305">
     <span class='ocr_line' id='line_1_38' title="bbox 138 4212 1079 4305; baseline -0.002 -20"><span class='ocrx_word' id='word_1_329' title='bbox 138 4230 176 4285; x_wconf 62' lang='lat' dir='ltr'>a).</span> <span class='ocrx_word' id='word_1_330' title='bbox 185 4221 222 4283; x_wconf 90' lang='grc' dir='ltr'>Ρ.</span> <span class='ocrx_word' id='word_1_331' title='bbox 238 4217 308 4303; x_wconf 60' lang='lat' dir='ltr'>cast]</span> <span class='ocrx_word' id='word_1_332' title='bbox 327 4217 418 4281; x_wconf 84' lang='lat' dir='ltr'>Idem</span> <span class='ocrx_word' id='word_1_333' title='bbox 432 4215 551 4282; x_wconf 67' lang='lat' dir='ltr'>fastum</span> <span class='ocrx_word' id='word_1_334' title='bbox 562 4227 707 4280; x_wconf 76' lang='lat' dir='ltr'>canatur</span> <span class='ocrx_word' id='word_1_335' title='bbox 720 4212 753 4278; x_wconf 85' lang='lat' dir='ltr'>in</span> <span class='ocrx_word' id='word_1_336' title='bbox 763 4214 840 4297; x_wconf 76' lang='lat' dir='ltr'>Vita</span> <span class='ocrx_word' id='word_1_337' title='bbox 853 4214 948 4282; x_wconf 87' lang='lat' dir='ltr'>Alex.</span> <span class='ocrx_word' id='word_1_338' title='bbox 960 4236 994 4303; x_wconf 87' lang='lat' dir='ltr'>p.</span> <span class='ocrx_word' id='word_1_339' title='bbox 1004 4217 1079 4305; x_wconf 81' lang='lat'><strong>689.</strong></span> 
     </span>
    </p>
   </div>
   <div class='ocr_carea' id='block_1_4' title="bbox 0 0 1355 4928">
    <p class='ocr_par' dir='ltr' id='par_1_7' title="bbox 0 0 1355 4928">
     <span class='ocr_line' id='line_1_39' title="bbox 0 0 1355 4928; baseline 0 0"><span class='ocrx_word' id='word_1_340' title='bbox 0 0 1355 4928; x_wconf 95' lang='lat' dir='ltr'> </span> 
     </span>
    </p>
   </div>
  </div>
 </body>
</html>
