2700 4928
279 313 336 375 un
355 315 675 379 surnnsmmous.
696 336 725 394 p.
733 317 798 399 ιοσ.
807 317 847 376 A.
1005 327 1079 390 1007

138 473 249 556 Rura,
273 475 422 566 Sulpbu're
444 492 472 544 te
496 480 760 567 circumsepiant:
789 477 926 544 utribus
942 478 1084 566 fontibus

138 601 158 639 ο
176 601 258 664 aqua
279 578 551 668 cirmmspergaris:
580 602 640 645 neo
662 594 769 645 tamen
794 579 868 644 ideo
892 602 962 644 earn
986 580 1084 646 ausim

138 677 314 744 rdationem
336 679 463 745 dicere:
488 680 641 768 squidem
658 680 788 768 vulgata
802 679 909 760 lenio,
926 679 984 760 Ka}
998 707 1084 768 mpr-

138 806 180 845 ἀι
193 785 248 846 olel
261 791 340 869 spois
356 793 469 870 κρουνῶν
487 783 567 870 ὕδωρ.
587 783 698 869 Τούτῳ
716 782 889 869 οτιριρρἇαι,
909 794 942 847 et
961 782 1084 848 acodi·

144 883 337 949 ausloritate
350 885 443 949 nobis
457 883 573 950 tradita
587 884 641 963 est,
658 905 761 970 neque
774 882 822 947 vel
843 904 863 946 a
883 905 990 947 rerum
1007 905 1085 969 pro*

138 997 202 1063 ate,
227 998 284 1050 aut
307 985 460 1051 orationis
484 985 628 1051 bonitate
655 984 815 1063 abhorret,
841 998 879 1049 ut
904 986 1085 1052 Menandro

138 1108 189 1171 gna
200 1087 319 1153 censeri
333 1087 470 1154 debeata
493 1089 539 1153 Er
554 1089 770 1174 cirmnrponant
783 1086 839 1149 tibi
851 1109 887 1150 ex
901 1087 995 1151 tribus
1004 1088 1084 1175 fon-

146 1211 277 1274 aquam:
301 1188 373 1253 Hoc
387 1189 591 1278 acsspergoris:
613 1187 835 1276 accipiendum
849 1210 888 1252 ex
906 1188 1029 1254 ratione
1043 1189 1083 1254 il-

138 1288 307 1376 Virgiliani
327 1293 405 1356 AEn.
419 1293 479 1357 Vl.
495 1309 568 1376 229.
591 1291 673 1354 Idem
695 1301 740 1354 ter
749 1289 844 1378 socios
861 1304 940 1376 puro
960 1291 1084 1356 σι’τοιιιιι-

142 1393 241 1470 unda,
263 1392 414 1481 Spargens
433 1417 500 1458 rore
514 1392 576 1456 levi
595 1405 623 1456 et
644 1415 726 1456 ramo
736 1388 840 1478 filicis
862 1392 963 1458 οὕτω.
1004 1395 1083 1458 Μιι·

138 1512 147 1555 ι
169 1490 232 1555 istae
253 1494 443 1582 &vapularem
468 1493 541 1586 sunt
571 1490 691 1556 Polluci
714 1491 791 1556 Vll.
817 1491 888 1554 188.
931 1492 1084 1557 Nostrum

138 1612 166 1654 m
182 1613 245 1656 non
261 1593 402 1679 neglexit
426 1594 465 1658 ls.
482 1593 689 1657 Casaubonus
708 1592 749 1656 ad
766 1591 973 1678 Theophrasti
995 1590 1083 1658 Cha·

158 1695 389 1777 Δοσιδαιμοιῖας,
412 1694 468 1781 qui
489 1693 529 1758 de
555 1693 605 1757 his
626 1693 808 1758 nominibus
835 1706 869 1758 et
894 1692 1085 1760 lustrationis

138 1816 178 1858 ne
199 1817 310 1881 agens,
332 1795 413 1860 illud
426 1816 554 1882 quoque
575 1817 678 1881 genus
696 1794 816 1881 attigit,
831 1792 918 1880 quod
933 1794 1083 1881 sulphure

138 1896 202 1962 edis
217 1896 283 1962 fieri
298 1898 428 1962 solebat.
464 1900 583 1962 Rarum
596 1892 803 1981 sed'probum
816 1901 995 1983 σεριθιιῶσοο
1008 1918 1084 1982 pro·

151 1998 347 2086 Hesychius,
369 2011 402 2062 et
424 2018 542 2062 nomen
563 1996 740 2083 σεριθείοοσιι
754 1997 800 2059 Η.
816 1995 996 2081 Stephanus
1011 1996 1084 2061 Ind.

137 2098 150 2162 ⁹.
169 2101 263 2180 1640.
288 2121 327 2164 ex
347 2097 486 2163 Platonis
508 2095 641 2184 Cratylo
655 2117 689 2183 p.
704 2097 778 2162 266.
794 2097 841 2160 B:
864 2103 888 2160 ol
902 2100 1085 2182 κοθορμοὶ-
1167 2107 1176 2123 ·

138 2206 146 2264 l
159 2204 216 2275 τοῖς
228 2205 368 2282 μαντικοῖς
382 2198 570 2287 περιθειώσεις
581 2224 613 2261 τε
627 2199 648 2284 ’l
663 2197 767 2284 λούτροι
779 2202 817 2263 τοὶ
836 2202 862 2262 ἐν
875 2202 932 2273 τοῖς
944 2198 1083 2281 τοιούτοις,

139 2307 150 2365 l
162 2303 362 2389 πιριρῤίινσεις.

138 2404 175 2469 6.
190 2404 234 2468 Α.
256 2402 384 2482 βοτῖῖσοι
397 2403 512 2467 arauris
529 2406 565 2477 οἷς
582 2401 748 2481 θάλασσαν,
767 2403 789 2488 'l
805 2402 927 2477 κοθῖσοις
948 2407 974 2467 lv
994 2406 1028 2490 τῇ
1046 2406 1084 2490 γῇ

138 2506 253 2593 ρωποι]
273 2504 365 2569 Mare
376 2503 621 2569 efficaciffimum
634 2503 675 2568 ad
689 2503 904 2569 lustrationem
919 2504 997 2570 olim
1012 2528 1082 2571 cre-

138 2610 210 2671 tus<
239 2609 312 2671 Jam
332 2605 500 2693 Euripides
523 2606 671 2692 Iphigen.
693 2607 910 2694 Taur.1192:
934 2608 1086 2672 Θάλασσα

138 2737 148 2772 ι
163 2707 264 2772 πάντα
282 2710 306 2771 τ’
322 2708 469 2791 ἀνθρώπων
484 2705 570 2770 κακά·
595 2708 649 2772 ubi
663 2708 724 2774 alia
741 2707 836 2795 hujus
851 2709 1009 2795 opinionis
1023 2709 1084 2773 do·

138 2823 211 2875 enta
232 2824 323 2874 notat
344 2809 567 2895 Musgravius:
591 2809 750 2894 Euripidis
764 2807 886 2873 dissum
907 2823 1087 2875 memorant

138 2910 277 2998 *iogenes
299 2913 405 2974 laert.
430 2911 492 2974 111.
513 2929 544 2994 7.
566 2923 600 2975 et
619 2909 800 2974 Eustathius
822 2909 862 2973 ad
885 2909 925 2973 Il.
944 2913 987 2975 A.
1009 2929 1085 2994 314.

138 3012 189 3077 »82
213 3013 359 3076 Stobaeus
373 3011 438 3075 Tit.
455 3013 513 3076 lv.
536 3032 570 3096 p.
583 3026 638 3095 53.
653 3009 709 3095 qui
730 3009 793 3074 hoe
808 3009 948 3074 scholion
969 3011 1084 3076 habet:

138 3140 166 3195 up
188 3115 216 3176 li
242 3117 279 3186 εἰς
303 3114 364 3186 τοὺς
391 3111 595 3195 δεισιδαίμονας,
625 3111 649 3174 οἳ
676 3110 811 3198 θαλάσσῃ
836 3111 1085 3200 τιριιιοιθοιῖςοιται·

138 3213 144 3277 l
167 3213 356 3297 interpretes
378 3211 459 3275 miro
478 3232 587 3275 errore
605 3222 769 3296 tamquam
784 3224 907 3295 partem
923 3210 1087 3275 sententiae

138 3312 240 3403 pideae
262 3312 478 3379 reddiderunt.
516 3314 568 3378 Sic
583 3336 655 3378 reus
669 3311 765 3376 caedis
786 3325 819 3378 et
840 3313 925 3393 exul,
949 3314 1087 3382 Platonis

138 3416 217 3482 :ntia
230 3419 311 3502 Leg.
327 3418 386 3479 IX.
402 3439 435 3503 p.
448 3419 522 3499 657.
538 3415 578 3480 C.
594 3415 799 3498 σκηιοισάμειος
813 3418 839 3478 ἐν
852 3403 973 3502 §asbain
986 3415 1087 3501 slyl'm

138 3518 233 3596 σίδας,
247 3523 320 3581 τλέι
336 3514 544 3600 ἔτιφολοιτῖἒτοο.
579 3515 732 3601 Diphilus
753 3514 967 3582 lustrationem
989 3519 1086 3584 Proe-

138 3643 164 3685 n
193 3640 323 3683 narrans
346 3617 432 3704 apud
457 3618 659 3682 Clementem
684 3617 778 3683 Alex.
804 3619 923 3683 Strom.
946 3620 1023 3683 Vll.
1053 3641 1086 3705 p.

164 3720 251 3786 unde
274 3721 406 3784 Grotius
431 3719 464 3783 in
488 3722 636 3805 Excerpt.
661 3718 755 3784 Com.
780 3743 813 3806 p.
830 3736 908 3806 797:
940 3720 1089 3807 Προιτίδας

138 3828 177 3899 lov
195 3821 407 3908 κούρας-Δοιδ)
426 3827 479 3906 μιᾷ
499 3820 603 3907 σκίλλῃ
616 3846 648 3883 τι
665 3825 729 3906 μιᾷ,
745 3821 817 3885 τόσοι
837 3821 959 3903 σώματα
979 3822 1086 3903 φώτων,

147 3927 175 3988 τ’
188 3925 327 4009 ἀσφάλτῳ
345 3948 376 3985 τι
394 3920 613 4005 πολυφλοῖσέοιο
632 3921 793 4000 θαλάσσης,
806 3924 860 3999 Ἐξ
879 3922 1089 4008 ἀκαλαρῤότασι

138 4025 211 4112 ῤῥὸοο
232 4027 385 4088 Ὠκεανοῖο·
409 4023 465 4087 ubi
486 4045 591 4087 meam
613 4022 818 4109 suspicionem
840 4020 1041 4108 σοιοφλοίσὸςι
1057 4050 1088 4086 τε

139 4150 195 4213 σσῃ
210 4126 431 4191 confirmatam
445 4125 548 4212 reperi
562 4124 725 4212 Sylburgii
737 4124 933 4212 praejudicio.

138 4229 181 4294 56.
193 4230 238 4293 A.
248 4225 293 4291 Ὦ
305 4224 424 4314 seipsas
437 4227 727 4314 iisupsrrsg-uaxai]
754 4226 865 4314 Eurip.
874 4227 989 4293 Troad.
1001 4244 1018 4311 7
1020 4245 1075 4315 59.
