2700 4928
154 470 1154 523 m

172 796 519 893 DANIELIS
562 792 1140 892 WYTTENBACHII

224 1108 228 1114 -
359 1054 966 1136 ANIMADVERSIONES

646 1304 687 1353 ΙΝ

289 1518 704 1616 PLUTARCHI
753 1517 1041 1616 LIBRUM

411 1796 480 1859 DE
511 1794 923 1859 SUPERSTITIONE.

530 2048 797 2091 ..4-

156 2242 311 2356 LIBER
332 2312 403 2354 vere
422 2290 640 2370 Plutareheue‚
654 2291 797 2378 quumvis
809 2289 979 2357 Veteribus
993 2310 1057 2357 non
1069 2291 1183 2360 diserte

157 2406 366 2457 memoratus.
401 2392 597 2456 Sententiam
618 2392 693 2456 inde
711 2393 846 2457 sumtam
865 2415 898 2479 p.
915 2392 987 2477 167.
1003 2395 1045 2458 A.
1064 2395 1183 2461 retule-

158 2508 233 2560 runt
248 2495 283 2559 S.
295 2493 458 2557 Maximus
473 2516 505 2580 p.
520 2498 594 2579 906.
610 2509 643 2559 et
656 2498 709 2560 Jo.
722 2496 940 2562 Damaseenus
953 2499 1029 2563 MS.
1043 2499 1186 2585 appofito

158 2596 330 2674 Plutarchi,
353 2618 417 2660 non
438 2597 516 2660 item
536 2595 618 2674 libri,
634 2597 775 2663 nomine.
811 2602 858 2663 At
872 2599 935 2684 ipse
950 2601 980 2664 se
995 2600 1191 2665 nominatim

157 2698 356 2762 Plutarchum
378 2697 545 2782 profitetur
564 2697 695 2783 scriptor
715 2719 748 2783 p.
766 2700 903 2781 170.A:
927 2699 1014 2784 quod
1029 2698 1083 2762 nisr
1099 2699 1186 2763 faee-

157 2815 218 2878 ret,
247 2813 356 2863 tamen
385 2799 488 2862 forma
513 2812 546 2861 et
572 2798 674 2863 oratio
704 2799 805 2883 ipsum
834 2799 995 2865 manifesto
1022 2800 1186 2865 auetorem

158 2900 326 2988 prodebat.
363 2901 450 2963 Nam
466 2898 553 2984 quod
574 2899 607 2963 in
629 2898 788 2985 Lampriae
813 2899 970 2986 Catalogo
991 2900 1094 2964 Num.
1117 2901 1185 2966 CL.

158 3003 266 3068 editur
289 3000 401 3065 titulus
421 3003 488 3085 erpi
510 3000 714 3083 δεισιδαιμονίας
734 3005 800 3088 πρὸς
817 3001 979 3088 Έῐῖκεςογ,
997 3016 1035 3066 ut
1048 3023 1186 3090 apogra-

160 3103 263 3188 phum
285 3103 447 3165 Venetum
469 3123 596 3187 quoque
614 3101 724 3181 habet,
744 3103 815 3168 sane
835 3102 916 3166 istud
934 3106 1007 3192 πρὸς
1027 3104 1189 3192 Ἐπίκουρον
1251 3096 1256 3104 ’

159 3203 280 3289 aliquid
302 3200 510 3265 dubitationis
539 3214 664 3265 movet:
695 3201 795 3288 quod,
823 3203 843 3266 sr
869 3226 978 3267 verum
1001 3205 1189 3292 metumque

159 3307 214 3384 eli,
229 3305 329 3369 alium
343 3301 514 3390 quemdam
527 3302 687 3388 perditum
701 3303 817 3367 libmm
833 3304 997 3391 significat,
1009 3329 1074 3370 non
1088 3307 1189 3388 hunc,

162 3431 258 3494 quern
275 3405 406 3470 nuncin
423 3404 570 3468 manibus
592 3405 767 3485 habemus3
789 3405 909 3494 quippe
923 3407 979 3493 qui
993 3430 1058 3472 non
1079 3424 1190 3475 contra

161 3512 337 3596 Epicurum
360 3509 494 3594 scriptus
515 3509 572 3572 est:
597 3509 639 3572 fin
662 3508 749 3575 hunc
772 3510 874 3597 ipsum
894 3511 1010 3577 librum
1027 3514 1189 3600 fignificat,

161 3613 238 3677 salso
265 3613 409 3676 additum
434 3613 551 3677 censeri
575 3613 681 3705 debet.
727 3618 774 3680 At
797 3615 982 3702 neutiquam
1010 3617 1189 3703 negaverim

162 3713 326 3778 Plutarchi
340 3715 477 3799 aliquem
492 3714 634 3779 exstitisse
648 3715 776 3795 librum,
792 3739 857 3802 qno
874 3717 976 3780 caulli'r
988 3716 1191 3798 δεισιδαιμονίας

157 3817 307 3880 adversus
324 3816 496 3901 Epicurum
512 3815 751 3881 defenderetur:
772 3817 948 3904 cujusmodi
964 3818 1099 3882 caussam
1114 3817 1190 3881 atti·

159 3917 211 4002 git
226 3918 257 3979 in
273 3916 366 3993 libre,
383 3916 435 3980 cui
448 3938 564 3979 nomen
578 3917 620 3980 est
633 3915 700 3979 Non
708 3919 849 4003 suaviter
862 3919 930 3982 vivi
935 3919 1099 4004 secundum
1117 3919 1191 4006 Epi-

161 4042 265 4080 curum
285 4040 317 4103 p.
336 4036 429 4081 1101.
447 4019 484 4080 B.
502 4018 588 4102 sequ.
606 4017 659 4081 ubi
674 4020 771 4082 etiam
787 4019 925 4084 scholam
940 4041 959 4082 a
973 4020 1002 4082 se
1017 4040 1119 4104 nuper
1133 4019 1190 4082 ba-

164 4119 264 4185 bitem
285 4122 362 4185 dicit
381 4121 524 4186 adversus
542 4143 609 4199 eos,
624 4121 680 4206 qui
696 4121 927 4186 contenderent
949 4120 1077 4205 Epicuri
1093 4121 1191 4185 ratio·

168 4243 239 4287 nem
258 4225 328 4310 plus
342 4225 444 4290 valere
462 4224 583 4290 ratione
607 4225 745 4290 Platonis
767 4223 808 4289 ad
829 4240 965 4289 mortem
985 4223 1076 4288 facile
1096 4249 1133 4290 ac
1146 4227 1193 4289 -li·

213 4347 298 4392 von.
316 4347 369 4393 vn
666 4346 717 4411 3⁸
