2700 4928
286 312 362 365 nse
479 306 574 366 nw.
594 303 804 364 annutans.
824 303 872 364 nt
891 288 1137 363 remancat

231 436 237 452 '
287 484 404 632 A230.
420 466 461 535 c.
482 466 536 552 a]
560 462 1311 553 Notavimusadtneopompidieum,p.19e

332 690 406 758 230.
423 672 462 737 C.
484 671 542 757 β’.]
567 672 625 737 Per
647 687 830 758 temporum
851 669 992 735 rationes
1006 667 1145 756 quidem
1169 665 1316 734 Panthoe·

291 772 347 840 des
364 775 528 839 Platonem
543 775 576 839 in
587 773 764 842 Academia
777 773 979 839 differentem
994 771 1111 838 audire
1123 769 1246 859 potuit.
1267 771 1317 834 lie·

289 876 436 962 sponsum
460 876 611 964 congruit
632 875 720 942 dicio
741 873 978 950 Demosthenis,
1001 874 1102 938 Orat.
1123 871 1265 962 Olynth.
1281 868 1319 934 ll.

289 997 323 1064 p.
339 979 371 1041 6.
386 977 434 1041 B:
457 977 575 1052 -ἅπας
594 978 645 1062 μὶν
665 978 761 1062 λόγος,
779 975 814 1042 ἂν
835 981 891 1063 ἀπῇ
910 978 951 1039 τὰ
970 975 1152 1060 πράγματα,
1172 973 1321 1058 pembr·

287 1077 423 1159 pulsatos,
447 1078 495 1142 nal
519 1081 604 1158 κενὸν,
619 1079 742 1160 ‘panea
767 1079 795 1142 di
823 1083 837 1141 d
865 1081 950 1164 stapsi
973 1081 1022 1153 τῆς
1042 1075 1185 1161 ἡμετέρας
1212 1074 1321 1148 πόλεις.

290 1172 402 1242 Simile
415 1180 458 1244 est
472 1178 661 1244 Eudamidae
682 1200 715 1264 p.
733 1196 806 1246 220.
821 1178 866 1243 D.
881 1191 914 1243 et
932 1194 1004 1263 192.
1020 1177 1074 1241 B:
1099 1176 1187 1242 etin
1210 1173 1324 1242 Stoicos

159 1302 162 1309 ·
290 1299 323 1365 p.
343 1299 436 1365 1033.
448 1281 496 1360 A,
508 1281 547 1344 B.
562 1279 618 1345 ubi
633 1279 724 1366 plura
738 1279 897 1345 dabimus.

334 1401 409 1468 230.
425 1382 466 1447 C.
489 1383 737 1450 ΠΑΎΣΑΝΙΟΎ
752 1384 837 1446 mn
856 1379 1207 1464 KAEOMBPUIW]
1232 1377 1325 1466 Cujus

292 1481 369 1548 Vita
389 1486 422 1549 in
444 1484 600 1549 Cornelio
618 1485 749 1570 Nepote
770 1482 879 1547 exstat.
915 1477 1075 1546 Videatur
1098 1479 1263 1546 Meurfius
1281 1479 1324 1544 De

293 1584 406 1670 Regno
427 1583 545 1648 Laced.
562 1584 639 1647 XII.
663 1603 697 1668 p.
712 1599 766 1669 59.

335 1704 410 1767 230.
423 1685 464 1749 C.
487 1683 543 1769 a‘.]
567 1687 645 1750 Non
659 1682 812 1771 congruit
830 1701 905 1748 cnm
920 1693 1018 1746 aetate
1033 1681 1202 1746 Pausaniae
1215 1679 1322 1768 hujust

292 1784 412 1870 quippe
426 1783 519 1872 cujus
534 1784 640 1848 obitus
655 1782 769 1848 incidit
788 1781 914 1847 circiter
929 1779 962 1845 in
976 1780 1119 1868 Olymp.
1135 1780 1275 1846 LXXV.
1286 1800 1323 1861 42

292 1884 412 1949 Delum
434 1884 605 1949 lustrarunt
631 1883 844 1949 Athenienses
871 1880 1003 1970 Olymp.
1031 1882 1263 1948 LXXXVIII.
1284 1900 1322 1966 3³

292 1999 329 2049 ut
344 1988 388 2051 est
403 1986 489 2073 apud
509 1984 732 2073 Thucydidem
756 1986 819 2049 lll.
837 2004 915 2068 ¹04²
938 1983 1001 2047 τότε
1016 1984 1044 2047 δὲ
1059 1988 1155 2047 πᾶσα
1173 1983 1321 2071 ἐκαθάρθη,

290 2090 383 2173 τοιῷδε
406 2090 506 2176 τρόπῳ·
530 2095 614 2166 θῆκαν
634 2087 696 2165 dnos
717 2085 787 2164 ήσαν
808 2095 863 2151 τῶν
882 2085 1037 2150 τεθνεώτων
1058 2089 1086 2148 ἓν
1109 2087 1212 2172 Δήλῳ,
1228 2087 1321 2158 σείσας

292 2193 408 2269 ἀνεῖλον,
420 2189 467 2268 κα)
479 2192 510 2254 ri
524 2192 617 2256 λοιπὸν
629 2194 752 2276 προεῖπον
764 2190 832 2272 μήτε
847 2189 1053 2267 ἐναποθνήσκειν
1067 2191 1096 2253 ἓν
1109 2195 1146 2276 τῇ
1159 2189 1243 2275 νήσῳ,
1259 2189 1323 2272 μήτε

254 2285 258 2293 ’
292 2291 430 2370 larinas,
453 2295 519 2354 ἀλλ’
544 2297 570 2366 ἐς
591 2295 639 2369 τήν
659 2293 777 2370 Ῥήνειαν
804 2289 1020 2374 δνακομήζεθανε
1050 2313 1136 2378 ergo
1158 2291 1232 2357 ltaeo
1249 2304 1318 2356 tuns

291 2391 432 2477 primum
444 2391 497 2456 lex
510 2392 594 2456 faeta
606 2393 663 2456 est.
700 2393 815 2458 Strabo
833 2391 896 2458 tine
916 2391 1070 2477 temporis
1092 2391 1262 2457 notatione
1280 2391 1316 2455 X.

291 2514 325 2579 p.
341 2512 415 2576 744.
432 2493 481 2557 C:
503 2495 606 2572 Ῥήνεια
620 2495 647 2557 δὲ
664 2495 759 2582 ἔρημον
775 2493 889 2573 νήσῖδιόν
910 2497 966 2568 1ςνν
988 2498 1015 2556 ἓν
1038 2492 1158 2580 τίτρασν
1177 2499 1226 2571 τῆς
1244 2494 1316 2571 Δήλν

292 2595 405 2674 nilne,
421 2595 472 2658 dara
492 2601 529 2660 rol
549 2598 683 2680 μνήματα
702 2602 758 2671 τοῖς
779 2596 890 2675 Δηλῐονς
910 2596 976 2671 dela·
1000 2600 1031 2659 od
1043 2601 1104 2680 γὰρ
1118 2599 1207 2676 diens
1218 2603 1245 2662 is
1256 2598 1315 2681 01ῐῇ

290 2703 326 2785 τῇ
340 2699 426 2786 Δήλῳ
438 2699 543 2763 &dales
559 2700 603 2763 ddi
618 2699 703 2764 mles
716 2699 816 2788 νεκρόν·
840 2703 889 2763 οὐκ
903 2698 988 2778 ἔξεςνν
1001 2698 1029 2761 di
1043 2700 1102 2762 etet
1116 2700 1188 2762 κύνα
1201 2704 1228 2763 ὲν
1241 2701 1313 2782 disq

291 2800 406 2887 τρέφειν.
442 2803 491 2866 Ac
507 2802 613 2886 polles
632 2801 763 2870 demum
784 2800 839 2867 Ol.
855 2800 1047 2865 LXXXIX.
1063 2818 1097 2868 2.
1114 2798 1312 2866 Athenienses

291 2902 405 2967 Delios
428 2925 467 2967 en
490 2903 591 2968 insula
618 2904 702 2968 Delo
728 2902 911 2990 ejecerunt:
942 2917 980 2967 ut
1003 2903 1129 2968 constat
1150 2927 1189 2968 ex
1212 2901 1311 2968 eodem

291 3004 481 3091 Thucydide
508 3006 552 3071 V.
583 3025 611 3069 1.
660 3006 784 3092 Attigit
810 3002 906 3090 hujus
934 3003 1099 3090 religionis
1129 3005 1311 3072 mentionem

253 3164 255 3169 .
293 3105 507 3188 spanhemius
521 3105 562 3170 ad
577 3105 767 3171 Callimachi
782 3107 827 3172 H.
842 3107 874 3170 in
890 3104 1022 3183 Delum,
1036 3107 1118 3171 vers.
1134 3127 1164 3171 1.

336 3226 410 3291 230.
419 3208 464 3270 D.
480 3207 534 3292 β’.]
559 3207 724 3277 Tribuitur
737 3208 823 3274 idem
838 3208 961 3275 dicium
985 3207 1137 3296 Philippo
1152 3205 1312 3275 Macedoni

293 3308 361 3385 aliis
380 3308 412 3371 in
431 3307 511 3372 locis
526 3331 545 3372 a
561 3309 743 3390 Plutarcho,
759 3321 796 3373 ut
812 3309 989 3374 notavimus
1003 3329 1038 3395 p.
1056 3329 1132 3396 143.
1149 3313 1185 3377 F.

337 3429 410 3493 230.
426 3411 470 3475 D.
493 3409 548 3499 72]
572 3412 739 3497 Tyrtaeum
764 3435 783 3476 a
807 3410 1060 3476 Lacedaemoniis
1080 3412 1215 3478 civitate
1223 3411 1311 3477 dons-

293 3527 376 3594 tum,
397 3512 474 3578 item
494 3511 584 3590 alios,
599 3514 706 3580 cenl'et
721 3511 858 3601 Cragius
874 3513 925 3578 De
940 3515 1021 3598 Rep.
1036 3514 1158 3580 Laced.
1176 3517 1206 3582 l.
1218 3535 1249 3602 5.
1263 3535 1312 3578 ne·

292 3631 350 3705 gat
364 3614 520 3682 Meurfius
535 3613 670 3681 Miscell.
685 3617 806 3682 Lacon.
822 3617 880 3687 IV.
897 3635 947 3681 10.
963 3615 1065 3680 fretus
1079 3616 1155 3684 loco
1165 3614 1312 3684 Herodoti

296 3718 354 3792 IX.
369 3735 423 3802 33.
445 3716 629 3782 affirmantis
653 3716 734 3783 solos
755 3738 793 3781 ex
812 3716 961 3782 omnibus
981 3716 1172 3784 hominibus
1184 3719 1312 3786 Tisame-

293 3841 371 3882 num
391 3831 493 3882 vatem
514 3817 640 3899 Eleum,
662 3817 789 3906 ejusque
810 3818 940 3883 fratrem
963 3817 1107 3904 Hegiam
1126 3843 1146 3884 a
1161 3818 1314 3908 Spartanis

293 3920 419 3985 civitate
436 3916 571 3985 donatos
592 3919 663 3983 elle.
698 3919 873 3983 Meurfium
887 3919 1022 4005 probare
1040 3919 1169 3988 videtur
1183 3922 1311 3988 Valcke-

293 4021 400 4086 narius
412 4020 435 4084 l.
451 4017 474 4082 l.
497 4021 544 4084 At
558 4040 615 4106 pro
629 4020 757 4106 Tyrtaeo
769 4018 900 4105 quidem
913 4034 1032 4106 proeter
1046 4021 1112 4087 hoc
1126 4023 1310 4112 Apophthe-

290 4144 379 4206 gm,
403 4120 485 4185 testis
507 4121 604 4186 etiam
624 4122 667 4185 est
688 4121 776 4185 Plato
793 4123 874 4209 Leg.
890 4120 917 4185 1.
938 4140 973 4207 p.
986 4123 1065 4207 5⁶⁶·
1080 4125 1137 4189 G:
1160 4125 1312 4213 appellans

289 4227 434 4309 Τυρταῖον,
462 4224 509 4288 τὸν
537 4221 613 4305 φύσει
637 4225 687 4307 μὲν
715 4226 870 4302 Ἀθηναῖον,
892 4231 946 4288 τῶν
968 4224 1002 4288 di.
1022 4226 1148 4306 πολίτην
1169 4228 1309 4313 γενόμενον.

325 4526 435 4552 Α
