2700 4928
290 310 983 404 smnusanraur.couv1v.p.rsr.s.
1091 333 1153 401 9⁴⁵

138 505 169 548 ον
180 482 313 551 essessa·
336 487 425 574 quod
438 501 559 554 temere
571 512 610 555 ex
624 489 853 556 totadistione
870 489 1012 555 avulsum
1032 487 1077 553 ita
1097 489 1150 554 in·

138 583 284 674 dilgitur,
300 587 424 675 prestat
436 591 555 654 divitiis
575 592 748 679 prudentia,
767 605 807 656 ut
825 592 955 679 νρᾶτνςον
968 610 1027 677 pro
1041 593 1152 678 κρότῖον

138 687 252 752 otitum
268 689 432 755 videatur=
454 704 489 754 at
503 714 619 759 nexum
634 714 710 758 cum
724 686 997 771 antecedentibus,
1011 691 1051 756 fic
1064 691 1152 756 acci·

138 788 295 856 leudumz
332 787 391 877 alga
416 792 667 879 φράζνταρ-ἕοοῳ
690 794 820 881 κρᾶτνςον
847 793 995 874 κτημάτων
1021 789 1150 856 edssstla‘

138 914 152 953 ι
165 893 400 972 animadvertit,
415 907 559 980 quantum
573 895 651 958 inter
658 895 835 984 pofflffiones
843 894 968 959 excellat
978 894 1153 980 prudentia.

138 991 298 1057 xiiiotelis
310 993 453 1058 Animal.
469 996 621 1059 Generat.
637 997 684 1060 IV
688 1043 696 1059 .
709 998 746 1060 6:
766 998 805 1060 tet
819 995 1012 1074 κννηῖνκῶνατᾶ
1025 999 1065 1069 lfa
1080 994 1152 1058 xari-

138 1119 185 1157 ινα
197 1099 240 1157 τὰ
251 1093 352 1183 ἄρρενα
363 1103 418 1159 τῶν
432 1096 549 1173 δολίαν·
564 1098 687 1183 mczscrcli
696 1098 797 1183 foetus
811 1096 973 1161 stabiliores
977 1097 1054 1184 stent
1063 1119 1153 1183 quam

138 1196 270 1260 mina:
292 1211 327 1261 at
346 1219 410 1262 non
426 1197 540 1264 dubito
553 1200 631 1286 quin
652 1198 860 1286 philosophus
880 1199 1032 1285 scripserit
1048 1225 1153 1278 κνηνν·

138 1297 238 1385 ίτνρι.
265 1298 408 1363 Davifius
423 1301 537 1364 trattat
551 1300 722 1366 diffionem
736 1304 816 1376 αὐτὸς
830 1306 913 1364 αὑτοῦ
925 1300 1065 1380 βίλτνςος,
1080 1322 1155 1387 quas

138 1397 362 1465 ilcommune
383 1399 482 1465 habet
503 1423 579 1466 cum
600 1402 754 1487 presente
768 1403 949 1489 quaestione,
970 1416 1004 1467 et
1025 1401 1153 1466 anobis

141 1499 274 1565 lustrata
294 1501 338 1564 est
359 1523 392 1586 p.
407 1521 462 1587 43.
477 1502 516 1565 Β.
551 1503 763 1569 Valckenario
785 1519 893 1568 tamen
919 1503 1089 1568 oblocutus
1110 1502 1155 1566 est

138 1601 284 1667 {cethius
298 1602 331 1666 ia
346 1603 427 1666 Not.
441 1604 570 1690 Tragia.
592 1604 633 1668 ad
653 1605 797 1692 Euripid.
821 1626 854 1691 p.
870 1607 924 1669 61.
961 1603 1071 1668 Sedet
1084 1601 1155 1667 aliis

138 1700 203 1767 ocis
223 1700 454 1766 comestionem
479 1702 693 1767 adhibendam
714 1704 859 1768 arbitrer.
900 1700 1076 1767 Anaxilaus
1100 1721 1153 1784 ap.

138 1801 246 1868 hllten.
269 1805 367 1868 XIII.
393 1824 427 1888 p.
444 1804 520 1888 558.
539 1806 591 1868 At
620 1803 704 1879 Ὅςνς
728 1805 875 1892 ἀνθρώπων
895 1803 1005 1890 helpes
1027 1803 1155 1887 ὴγᾶνηον
1266 1806 1272 1816 ’

138 1902 251 1984 dem,
266 1903 314 1968 Οὔ
328 1903 406 1988 γένος
422 1906 464 1979 τίς
482 1904 516 1969 ἂν
537 1906 642 1970 δύναιτο
662 1906 903 1993 παρανομώτατον
916 1906 1030 1993 padcus·
1068 1905 1154 1969 Gro-

138 2003 191 2068 tius
208 2005 242 2069 in
264 2007 415 2094 Excerpt.
432 2006 560 2072 Comic.
581 2029 615 2093 p.
634 2007 708 2091 859.
729 2005 831 2071 edidit
851 2006 1095 2092 παρανομώτερον,
1116 2015 1156 2068 ut

138 2107 255 2172 mnino
274 2109 317 2174 ab
336 2110 468 2174 authore
487 2109 639 2196 scriptum
657 2109 802 2174 videtur:
825 2131 1019 2196 quamquam
1036 2108 1155 2173 Cassu-

140 2205 405 2297 ltouusvulgatum
417 2212 551 2296 probare
563 2210 666 2276 studet
676 2211 816 2277 dittione
827 2211 986 2277 Herodoti
1001 2212 1063 2275 111.
1078 2230 1155 2298 119³

145 2307 218 2395 cajus
230 2311 348 2378 diversa
361 2314 405 2377 est
420 2313 514 2393 ratio,
529 2334 588 2378 nec
602 2312 669 2378 ulla
682 2313 715 2378 in
730 2327 823 2399 parte
833 2313 979 2392 offendit,
997 2313 1156 2400 ἀλλοτριώ-

147 2413 212 2486 tm'c
229 2439 270 2478 τον
286 2423 344 2480 τῶν
356 2415 466 2479 παίδων
480 2414 526 2496 καὶ
543 2416 627 2493 ἧσσον
640 2414 840 2503 κεχαρισμένος
852 2422 901 2479 τοῦ
915 2414 1007 2503 ἀνδρός
1022 2418 1074 2488 let·
1097 2436 1158 2480 nee

149 2504 250 2580 invlt.
270 2517 321 2580 16.
345 2516 422 2603 quid
444 2517 487 2580 est
509 2515 597 2603 quod
620 2517 685 2580 huc
706 2517 864 2602 pertineat
883 2521 931 2595 τὴν
951 2515 1159 2603 σφαλερωτέρην

149 2620 237 2702 ἀὐτῷ
251 2643 284 2681 τι
298 2617 346 2698 sal
363 2617 491 2705 Πέρσῃσι
506 2618 634 2705 ἀναίρεον
658 2618 713 2682 ubi
727 2617 771 2682 nil
786 2618 882 2683 refert
895 2638 935 2681 an
949 2619 1049 2682 altera
1062 2617 1158 2682 settin

147 2719 342 2805 *φανερωτάτην
354 2719 534 2805 recipiatur.
569 2717 795 2806 Wesielingius
810 2731 916 2783 tamen
932 2718 1021 2782 illam
1037 2717 1157 2781 Casan·-

149 2808 208 2882 boni
231 2819 529 2885 animadverfionem
557 2833 592 2885 et
617 2820 777 2907 Euripidis
801 2819 924 2884 versum
948 2818 1106 2885 Androm.
1123 2820 1157 2882 6.

138 2916 283 3005 'opusne
325 2923 398 2987 Jam
420 2921 538 2986 ibidem
558 2920 705 2986 laudatus
727 2920 915 3007 superlativi
936 2933 1089 3006 patronus
1107 2920 1157 2984 A-

147 3010 289 3088 barchina
301 3022 447 3088 Dilucid.
461 3021 607 3109 Thucyd.
630 3044 663 3107 p.
672 3036 749 3106 514.
773 3023 860 3087 hunc
875 3021 979 3108 ipsum
998 3020 1159 3086 Plutarchi

146 3111 235 3189 loeum
248 3124 282 3189 in
296 3124 465 3190 testimonii
481 3138 571 3212 parte
591 3125 731 3189 excitat:
758 3137 827 3187 tum
843 3122 980 3211 Oppiani
997 3124 1157 3212 Cyneget.

149 3215 196 3288 Ill.
208 3227 291 3312 318:
326 3229 372 3290 ot
392 3225 496 3305 >de
515 3230 595 3289 ἀλλὰ
615 3226 688 3289 trias
708 3223 914 3313 σροφνςέςατος
930 3226 1078 3301 αἰπύνατος
1092 3229 1156 3314 hig·

149 3322 189 3389 uhi
206 3327 398 3394 dohtillimus
420 3327 632 3393 Schneiderus
651 3350 690 3393 ex
705 3327 815 3393 codice
836 3328 916 3415 Reg.
939 3328 1028 3393 dedit
1047 3349 1156 3417 epops·

143 3423 242 3518 οὖννρος.
278 3431 367 3495 Nam
388 3429 475 3518 quod
492 3428 666 3495 Dorvillius
679 3428 720 3494 ad
735 3429 902 3494 Chariton.
918 3452 952 3515 p.
965 3441 1159 3520 457.ννρὸννος

141 3546 189 3615 pro
199 3532 332 3620 πρότερος
346 3531 486 3616 usurpari
502 3544 605 3611 notat,
620 3553 685 3596 non
700 3531 826 3595 credam
846 3531 939 3596 abiis
958 3533 1158 3618 usurpatum,

139 3630 186 3716 qui
205 3631 377 3720 diligenter
404 3631 538 3696 scribere
564 3630 761 3696 studuerunt.
805 3632 902 3696 Certe
923 3634 1159 3721 superlativum

138 3730 174 3799 ita
187 3733 369 3821 sinpliciter
383 3754 442 3818 pro
460 3731 685 3818 Comparativo
698 3731 852 3812 adhiberi,
866 3734 1038 3799 abhorrens
1052 3733 1158 3800 dicam

138 3834 220 3901 effes
233 3835 359 3899 ratione
374 3855 438 3898 non
449 3832 545 3898 modo
560 3833 659 3919 prosse
672 3833 836 3913 orationis,
848 3833 903 3899 sed
915 3836 1047 3900 omniuo
1060 3855 1157 3899 accu-

138 3935 412 4022 suscriptionis.

165 4054 246 4124 151.
263 4040 301 4102 E.
323 4038 469 4124 ἀπαρχὰς]
502 4035 674 4123 sapientie
690 4032 863 4124 primitias,
885 4035 998 4123 scripta
1019 4033 1161 4101 monita·

138 4162 187 4210 ue
200 4138 301 4205 alicui
315 4138 444 4206 oblata:
467 4136 645 4208 notuimus
660 4158 693 4224 p.
705 4157 760 4221 40.
776 4136 815 4203 B.

165 4260 268 4310 vot..
283 4258 336 4306 vr.
629 4258 682 4323 31²
