2700 4928
179 299 260 352 nso
370 288 410 349 n.
420 289 472 349 w.
492 288 701 350 numenv.
720 288 769 349 m
790 262 1033 362 muranum

179 451 367 540 scripturam
381 451 413 516 in
428 478 461 532 νν,
475 465 509 517 et
522 477 536 516 ο
550 452 639 539 quod
653 452 752 518 habet
766 455 800 519 P.
814 466 909 518 notat
920 451 1111 540 Stephanus
1123 450 1204 519 lhes.

178 562 218 626 L.
232 562 292 626 Gr.
307 561 346 625 T.
363 560 425 625 lll.
448 580 481 644 p.
499 560 594 646 1380.
632 561 670 624 ln
687 560 832 647 ἄναναίσῃ
853 580 972 625 omnes
994 558 1069 624 libri
1082 561 1205 626 consen·

177 661 266 728 tiunt
280 688 288 727 ε
312 674 417 726 tamen
433 659 607 748 legendum
620 661 732 748 παύσῃ.
773 657 1036 748 Apophthegmn
1047 659 1147 724 exslst
1158 658 1205 724 sub

178 761 308 828 nomine
321 761 518 827 Antisthenis
531 762 617 849 apud
631 763 813 850 Diogenem
830 759 1000 826 laertium
1014 760 1078 827 VI.
1093 781 1137 842 4:
1156 786 1205 844 μν-

176 864 282 948 οὖμννὸς
300 888 373 927 ποτε
393 868 432 927 rol
445 868 578 952 Ὀρφικὰ,
593 872 641 930 τοῦ
663 864 749 953 ἱερέας
765 850 896 942 1νὶντόνννς,
912 861 955 927 ὅτι
975 867 1001 927 ol
1018 870 1115 928 wira
1128 863 1204 946 peri·

173 992 248 1050 μενον
261 975 380 1030 πολλῶν
402 969 519 1051 ἀγαθῶν
541 971 567 1030 ὃν
589 965 639 1053 ᾆδε
660 966 812 1051 perignem,
824 964 863 1029 'l'l
875 963 933 1044 οὖν,
948 963 1012 1045 ipe,
1028 964 1203 1043 οὑκὲιώή-

173 1090 266 1145 σκιςς
296 1066 441 1153 Orphica
462 1066 606 1156 mysteria
632 1079 666 1130 et
685 1065 856 1152 Orpheus,
885 1076 1066 1130 uteorum
1091 1064 1203 1144 audior,

171 1167 356 1254 frequenter
375 1182 603 1247 memorantur,
628 1167 795 1253 Philippus
816 1165 870 1231 iste
892 1165 983 1233 haud
1010 1165 1078 1232 scio
1097 1188 1137 1232 au
1157 1166 1202 1232 us·

169 1290 281 1356 quam.

170 1383 175 1391 ·
217 1388 291 1450 224.
305 1371 341 1434 r.
363 1372 561 1435 unomen
580 1373 665 1433 rur
683 1371 994 1455 semismnae]
1022 1369 1202 1458 uurycrau·

171 1469 229 1534 das
252 1469 370 1535 dicitur
384 1484 422 1534 ut
437 1470 529 1556 supra
547 1492 580 1556 p.
598 1489 671 1537 221.
687 1472 724 1536 B.
741 1471 795 1557 qui
808 1470 878 1535 aliis
898 1471 943 1535 est
963 1471 1202 1557 Eurycratesll.

171 1571 264 1659 cujus
279 1572 361 1636 filius
379 1575 467 1637 Leon
485 1572 605 1659 reglum
625 1572 816 1659 dignitatem
834 1572 979 1638 obtinuit
993 1572 1202 1663 quadraginta

170 1673 314 1762 quinque
329 1674 431 1738 annis.
463 1675 552 1739 Harl.
568 1674 626 1739 dat
638 1674 716 1739 Λέων
729 1681 743 1738 l
757 1675 975 1764 Εὒςνκςανῖδης.

203 1795 288 1860 Δ224.
301 1778 336 1842 F.
352 1776 408 1860 α’.]
430 1776 649 1842 Polleffionum
663 1778 828 1864 equalitas
844 1777 996 1843 laudatur
1009 1800 1051 1844 ex
1065 1777 1201 1845 instituto

170 1878 338 1967 Lycurgi:
370 1878 519 1943 convenit
544 1901 673 1967 quoque
701 1901 776 1944 cum
798 1879 944 1946 Thaletis
971 1881 1142 1960 sententis,
1162 1879 1199 1947 de

168 1980 293 2067 optime
314 1979 484 2046 constituta
503 1979 631 2046 civitate
652 1980 686 2045 in
708 1980 896 2067 Sapientum
921 1981 1061 2048 Conviv.
1083 2003 1119 2070 p.
1132 1998 1197 2070 254

167 2081 213 2161 D,
229 2083 268 2145 E.

210 2201 285 2265 224.
302 2184 338 2248 F.
360 2180 416 2270 γ’.]
447 2181 614 2249 Tribuitur
634 2181 869 2248 Anarsndridoe
889 2181 931 2262 β’.
953 2203 989 2271 p.
1002 2185 1082 2251 216.
1098 2186 1132 2251 F.
1145 2180 1194 2250 ubi

167 2285 357 2354 notavimus.

209 2406 283 2467 224.
299 2389 336 2450 F.
357 2388 576 2449 ΛΕΩΝΙΔΟΎ
599 2390 685 2449 ΤΟΎ
707 2387 1037 2471 ΑΝΑΞΑΝΔΡΙΔΑ]
1059 2389 1140 2455 llaec
1157 2408 1192 2453 ex

165 2487 245 2576 Ejus
258 2486 337 2553 Vita
350 2509 446 2573 quam
465 2486 654 2552 Plutarchus
675 2488 847 2576 scripserat,
864 2511 923 2553 noe
943 2511 1033 2555 nunc
1048 2490 1191 2557 defiden-

163 2611 256 2656 mus:
280 2601 315 2652 et
329 2586 508 2653 notavimus
522 2587 553 2651 in
572 2588 771 2675 Fragrnentis
784 2588 936 2654 Vitarum
950 2590 1060 2655 Num.
1074 2590 1116 2677 pl.

168 2728 171 2732 ι
206 2714 239 2779 p.
256 2710 330 2777 225.
347 2691 389 2755 Α.
411 2688 440 2770 β’
443 2690 465 2776 .]
493 2689 593 2777 Gorgo
610 2711 728 2756 nomen
747 2689 855 2756 uxoris
875 2690 1026 2777 proditur
1039 2715 1060 2758 a
1077 2693 1188 2760 Plutar-

162 2794 226 2860 cho
248 2793 280 2857 in
304 2795 455 2881 Lycurgo
477 2814 509 2879 p.
524 2792 579 2872 48.
600 2792 639 2855 B.
676 2790 859 2879 Conjugial.
885 2792 1046 2881 Prrecept.
1069 2817 1104 2884 p.
1127 2812 1188 2880 245.

163 2898 200 2962 F.
237 2897 357 2960 lacon.
384 2892 554 2980 Apophth.
581 2914 614 2979 p.
631 2911 705 2978 227.
724 2894 769 2959 D.
805 2894 935 2960 Stobaeo
956 2916 991 2983 p.
1008 2896 1064 2961 88.
1101 2897 1190 2985 Gorgo

162 2997 347 3063 Cleomenis
363 2995 425 3060 filia
439 2994 558 3060 dicitur
571 3017 620 3074 ea,
637 2995 695 3059 sub
713 2993 804 3082 cujus
820 2995 952 3061 nomine
967 2997 1093 3063 exstem
1104 2999 1188 3086 Apo·

160 3095 375 3184 phthegmata
398 3116 432 3182 p.
447 3115 521 3177 240.
535 3097 580 3160 D.
615 3094 745 3160 Sedeas
760 3117 857 3159 unam
877 3094 967 3177 facit,
984 3098 1189 3188 eumdemque

160 3211 195 3263 et
216 3196 400 3262 Cleomenis
422 3195 519 3261 filiam
540 3211 574 3261 et
592 3196 744 3260 leonide
766 3219 898 3262 uxorem
918 3200 1070 3266 nominet
1089 3204 1189 3269 Hero·

160 3301 257 3367 dotus
271 3299 508 3384 Vll.139.fin.
531 3310 568 3363 ut
589 3298 748 3363 Leonidas
767 3298 800 3363 in
820 3299 1029 3367 matrimonio
1051 3303 1190 3370 habuerit

159 3404 256 3471 liliam
279 3402 384 3467 sratris
407 3401 534 3480 uterini,
552 3400 704 3487 siquidem
725 3402 809 3467 hauc
831 3425 942 3468 eorum
966 3406 1188 3493 cognationem

158 3505 268 3594 prodit
283 3501 468 3570 Herodotus
481 3503 525 3569 V.
538 3503 679 3588 38-41.
713 3503 890 3584 Caeterum,
905 3504 1021 3571 eadem
1040 3507 1190 3574 sententis

159 3610 294 3675 refertur
308 3631 328 3671 a
343 3604 512 3671 Plutarcho
526 3604 579 3669 De
596 3605 755 3670 Herodoti
767 3606 907 3694 Malign.
923 3630 956 3695 p.
968 3610 1045 3674 866.
1055 3611 1099 3677 B:
1114 3618 1189 3676 Λεα-

156 3710 344 3796 νῖδας-σμός
360 3711 408 3786 τὴν
428 3712 549 3792 γυναῖκα
568 3707 767 3790 πυνθανομένην
786 3708 899 3787 ἐξιόντος
913 3708 939 3772 el
949 3737 978 3774 rr
993 3710 1089 3798 λέγοι,
1102 3739 1188 3798 μονα·

157 3813 266 3901 ςμαφεὶς
279 3812 361 3892 εἶπεν,
374 3814 513 3897 Ἀγαθοῖς
525 3815 682 3896 erepsisset,
698 3812 719 3897 νὲ
734 3815 837 3896 ἀγαθὰ
850 3811 964 3876 τίκτεν.

199 3931 273 4002 225.
288 3915 332 3980 Α.
354 3913 410 3999 74]
437 3913 526 3978 Idem
552 3913 586 3979 in
607 3911 692 3978 libro
713 3914 766 3979 De
794 3913 917 3979 Herod.
943 3914 1088 4004 Malign.
1114 3914 1186 3987 ibid.

155 4020 236 4093 αὐτὸς
258 4018 285 4082 δὲ
307 4023 321 4080 l
342 4015 476 4090 Λεωνίδας
494 4017 566 4102 πρὸς
585 4015 636 4096 μὶν
649 4015 696 4077 τὸν
709 4014 818 4079 εἰπόντα
831 4025 983 4093 παντελῶς
997 4019 1110 4106 &luipone
1123 4019 1186 4098 liri·

153 4145 213 4206 yar
227 4120 309 4185 αὐτὸν
329 4119 372 4184 ert
385 4122 433 4198 τήν
445 4116 555 4204 μάχην,
570 4114 690 4191 [lende
703 4116 755 4198 μὶν
771 4116 970 4202 (addendum
985 4119 1043 4207 οὖν)
1060 4124 1183 4203 rederb-

152 4246 248 4307 μινυς.
957 4255 961 4264 ·

364 4426 561 4536 Α
