2700 4928
158 289 236 340 1008
300 281 338 339 D.
351 280 402 340 W.
422 278 629 338 ANIMADV.
649 278 697 337 IN
716 273 952 339 rburhncnr
973 274 1050 338 1113.

202 445 273 507 166.
288 445 331 507 A.
359 441 513 525 πηλώσεις]
548 441 697 507 Refertur
717 439 758 506 ad
780 441 948 528 magIcum
976 439 1076 505 ritum
1102 438 1175 525 1111λᾷ

156 545 341 630 propritim,
363 541 402 606 de
424 565 489 628 quo
511 565 549 605 ex
573 541 788 607 Demosthene
811 543 864 606 De
888 541 969 606 Cor.
997 562 1031 628 p.
1049 558 1122 626 350.
1139 543 1171 603 A.

157 645 254 710 modo
268 643 461 707 monuimus.
496 646 539 708 Et
552 666 628 708 mox
642 643 725 707 insra
743 665 777 730 p.
795 643 866 707 168.
883 644 928 706 D.
944 644 1172 727 pepererimus

156 745 369 825 καλινδούμενος.
407 744 593 809 Herodotus
619 745 664 808 II.
689 746 741 828 85.
766 744 1001 832 AEgyptiorum
1023 758 1112 809 notat
1130 743 1170 806 Iu·

155 848 264 910 ctum:
298 850 329 909 τὸ
351 853 423 923 θῆλυ
444 847 521 933 γένος
542 855 604 911 σᾶν
626 850 658 910 τὸ
681 852 712 910 ὲκ
736 857 790 911 τῶν
815 847 922 924 oranter
945 847 1049 910 voster
1070 843 1172 910 m'br

155 950 298 1010 ἐπλάσατο
314 954 361 1025 τὴν
375 954 495 1030 κεφαλὴν
507 955 605 1035 πηλῷ,
626 949 641 1026 ἢ
656 950 678 1036 ’h
692 950 724 1012 τὸ
738 949 887 1034 πρόσωπον
895 974 905 1029 3
929 948 987 1013 ubi
1006 948 1168 1015 Valckena·

156 1051 221 1114 rius
243 1050 353 1114 cadem
377 1052 442 1115 scre
463 1051 571 1115 iisdem
588 1051 689 1115 verbis
705 1074 724 1114 a
739 1049 884 1115 Diodoro
905 1049 973 1116 Sic.
990 1051 1018 1114 l.
1034 1067 1085 1135 72.
1102 1047 1169 1112 diua

155 1151 299 1235 apponit.
335 1150 488 1216 Aristides
501 1152 559 1216 Or.
574 1154 662 1216 Sacr.
676 1152 714 1215 T.
726 1152 753 1214 I.
769 1173 801 1237 p.
810 1167 887 1237 307.
903 1152 937 1215 in
950 1151 1064 1216 eadem
1077 1151 1167 1235 super·

153 1251 288 1328 stitione,
304 1253 455 1338 προσέταξε
473 1253 629 1348 χρήσαθω
647 1256 689 1336 τῷ
704 1258 793 1337 πηλῷ
805 1254 879 1336 πρὸς
896 1256 937 1337 τῷ
951 1250 1049 1340 φρέατι
1061 1254 1100 1337 τῷ
1111 1256 1167 1337 ἱερῷ,

157 1354 178 1438 a}
202 1354 349 1433 hoscoeDar
367 1354 492 1418 αὐτόθεν·
515 1355 647 1442 παρέχον
668 1353 712 1416 οὖν
733 1354 801 1417 θέαν
815 1353 949 1433 onrsn·
971 1355 1091 1432 mosny
1111 1355 1129 1415 δ’
1147 1350 1168 1429 ἦν
1189 1412 1194 1421 .

156 1462 205 1517 τοῦ
224 1481 255 1517 τε
276 1463 372 1532 πηλοῦ
388 1456 435 1517 καὶ
452 1462 500 1517 τοῦ
517 1455 594 1538 ἀέρος
611 1461 627 1531 ἡ
645 1455 799 1541 ψυχρότης,
819 1454 872 1527 rire
891 1454 1005 1542 ’ἕρμαιον
1024 1455 1168 1536 ἑτοιησᾶριρ

155 1560 336 1643 προσδραμεῖν
350 1562 390 1640 τῷ
404 1555 509 1639 φρέατι·
533 1555 583 1618 aas
594 1581 640 1636 μοι
656 1558 688 1618 τὸ
702 1553 771 1643 Dap
786 1557 842 1620 ἀπ’
856 1555 948 1635 ἄλλης
962 1556 1050 1631 ἁλέας
1063 1558 1156 1645 ἤρκεσε.

203 1660 275 1722 166.
290 1657 333 1721 A.
356 1654 578 1740 σαόἒατισμοός]
603 1655 790 1721 Judreorum
812 1678 912 1736 more,
928 1658 1101 1722 observatio
1111 1655 1166 1720 sab·

156 1759 259 1834 hathi,
275 1780 330 1843 per
345 1756 471 1844 jejunia
488 1770 520 1821 et
534 1757 676 1842 corporis
689 1756 907 1823 vexationemr
931 1758 1066 1824 subinde
1079 1772 1168 1822 notata

160 1860 311 1923 Romanis
333 1858 537 1945 scriptoribus
561 1857 776 1922 Ecclefiasticie
793 1855 988 1940 σαὸἕατῐξινι
1011 1861 1096 1924 unde
1111 1860 1166 1923 Au-

155 1962 298 2047 gustiuus
315 1962 384 2025 Civ.
399 1962 443 2024 D.
459 1961 569 2023 XXII.
582 1978 636 2043 30.
646 1979 680 2044 5.
691 1957 894 2047 fibbob'smus
906 1960 1076 2029 evidentius
1089 1976 1167 2050 appa·

156 2063 242 2126 rabit.
274 2061 472 2140 Plutarchus,
490 2075 527 2125 ut
541 2083 592 2125 res
606 2060 670 2145 Ipsa
683 2059 829 2138 ostendit,
844 2082 908 2124 non
926 2060 968 2125 de
982 2061 1103 2127 Judaeis
1115 2059 1171 2146 iphr

157 2164 311 2248 quuitur,
334 2162 386 2227 sed
408 2163 448 2226 de
470 2161 590 2228 Graecis
605 2160 829 2246 superstitiose,
843 2161 900 2247 qui
912 2161 1048 2228 subinde
1060 2163 1170 2228 illorum

157 2265 235 2327 ritus
250 2264 468 2328 imitabantur.

200 2366 271 2426 166.
288 2364 332 2426 A.
363 2367 487 2448 αἰσχρὰς
512 2361 709 2448 argemirus]
746 2361 856 2426 Secuti
883 2362 1089 2450 Xylaodrum
1114 2365 1173 2429 hec

149 2461 328 2549 junximus,
342 2481 443 2546 quum
458 2458 512 2524 alii
526 2459 717 2546 interpretes
731 2464 835 2547 αἰχρᾶς
853 2459 893 2525 ed
911 2460 1000 2547 ῥίψας
1021 2463 1173 2528 referrent.

156 2563 207 2628 sic
226 2561 406 2649 προκαθίζειν
426 2572 512 2625 extra
533 2561 649 2625 domum
669 2560 702 2624 in
720 2560 835 2648 publr'co
856 2562 1001 2647 confidere
1020 2562 1101 2629 dixit
1119 2563 1176 2629 Dio

159 2665 273 2751 Chrys.
289 2665 345 2730 Or.
364 2685 397 2750 p.
412 2679 487 2748 395.
500 2663 545 2726 D.
581 2661 670 2727 Plato
683 2664 765 2748 Leg.
781 2664 840 2726 lx.
856 2683 889 2748 p.
904 2664 981 2747 652.
998 2667 1044 2729 F:
1068 2664 1176 2751 iupoe·

158 2768 207 2831 nis
231 2779 390 2845 numerat,
411 2770 486 2840 τινὰς
505 2764 628 2852 daippus
651 2762 738 2851 ἕδρας,
757 2763 772 2843 A
792 2765 897 2846 ςάσας,
917 2766 933 2844 ἢ
953 2769 1176 2854 vapos-eires&

156 2874 267 2958 ῖερά-.
304 2871 483 2937 Menander
500 2870 586 2958 apud
609 2868 818 2957 Porphyrium
837 2871 890 2936 De
909 2871 1035 2938 Abstio.
1057 2875 1113 2941 IV.
1130 2886 1174 2957 15.

156 2994 230 3034 mox
245 2971 471 3057 apponendum
487 2971 576 3035 fimili
589 2970 661 3035 loco
674 2992 708 3056 p.
724 2971 795 3035 168.
809 2972 854 3036 D.

203 3073 275 3133 166.
290 3072 332 3134 A.
355 3071 450 3156 δικαίῳ
472 3071 586 3156 ςόρατι]
616 3093 664 3134 ore
672 3068 766 3157 justo,
786 3070 819 3135 id
840 3071 895 3150 est,
914 3073 1052 3161 antiqua
1070 3073 1176 3160 mstcae

155 3172 312 3257 diligenter
326 3184 353 3234 et
367 3185 503 3235 accurate
510 3173 566 3260 jus
576 3173 668 3259 suum
682 3171 851 3236 tribuendo.-
874 3173 1015 3240 Iormulu
1028 3198 1093 3241 non
1108 3175 1175 3240 alibi

156 3273 247 3337 nobis
274 3273 446 3336 observata.
491 3272 620 3336 Musicae
641 3271 754 3337 veteris
775 3272 951 3340 retinendae
975 3276 1123 3356 studium,
1147 3290 1176 3340 et

156 3374 292 3461 querelae
307 3373 347 3436 de
370 3364 617 3452 innovatoribus,
632 3373 814 3459 frequenter
828 3392 1070 3444 memorantur:
1095 3379 1177 3444 PIut·

156 3474 252 3540 archo
267 3476 317 3538 De
331 3474 453 3537 Musica
467 3496 500 3559 p.
512 3493 605 3553 1141.
617 3475 663 3539 D.
684 3475 872 3540 Aristoxeno
885 3498 937 3562 ap.
950 3478 1077 3545 Athen.
1093 3480 1177 3544 XIV.

157 3603 189 3667 p.
205 3582 279 3665 362.
295 3579 338 3641 A.
363 3577 485 3641 Platoni
500 3579 579 3663 Rep.
590 3577 667 3642 VII.
683 3599 717 3664 p.
733 3596 808 3663 447.
824 3581 861 3644 B.
886 3583 967 3668 Leg.
984 3584 1048 3647 ΙΙΙ.
1062 3607 1096 3672 p.
1108 3603 1178 3671 594.

158 3685 192 3746 F.
209 3679 293 3745 unde
310 3678 424 3743 Cicero
439 3679 519 3765 Leg.
535 3680 579 3742 11.
598 3696 648 3763 15.
678 3679 767 3745 Dion
784 3679 897 3769 Chrys.
913 3683 971 3749 Or.
987 3686 1134 3751 XXXII.
1149 3708 1179 3773 p.

156 3786 231 3869 380.
247 3783 287 3848 C.
301 3796 336 3846 et
349 3782 442 3868 saepe.

201 3887 273 3950 166.
287 3885 325 3948 Β.
358 3888 406 3962 τὴν
428 3883 469 3945 ἐπὶ
488 3890 541 3945 τῶν
562 3883 737 3969 σπλάγχνων
757 3884 807 3965 μὲν
828 3888 965 3973 phenice]
997 3888 1075 3954 Non
1099 3889 1183 3977 quod

154 3987 274 4074 linguae
296 3987 455 4074 praecipua
476 3985 556 4048 ratio
578 3983 688 4047 habita
712 3984 749 4047 fit
770 3984 802 4048 in
824 3986 1000 4072 extispicio,
1024 3990 1078 4056 sed
1101 3991 1185 4079 quod

154 4089 224 4173 ejus
240 4088 392 4152 diversum
408 4085 497 4151 usum
513 4084 546 4148 in
561 4083 690 4148 homine
710 4085 751 4149 ad
772 4085 982 4173 loquendum,
1004 4091 1036 4155 in
1059 4092 1187 4159 viffime

156 4190 195 4252 ad
216 4192 485 4275 portendeudum,
501 4187 673 4275 fignificare
685 4188 797 4255 voluit.
833 4191 920 4258 Nam
934 4215 974 4258 ex
987 4192 1118 4280 jecore,·
1129 4196 1186 4262 he·

433 4488 623 4584 A
