2700 4928
155 317 160 328 ⁸
255 338 410 401 samu
424 340 600 403 SAPIENT.
616 341 784 405 CONVIV.
798 344 1084 419 p.150.F.—151.B.
1119 351 1180 417 941

164 501 380 579 Verboidavz
411 504 611 583 Plutarchus,
633 504 688 590 qui
707 504 823 568 dicitur
847 503 935 587 fallo,
952 505 1029 569 Vita
1051 505 1185 570 Homeri

163 606 191 686 ᾗ.
206 604 366 669 LXXIII.
387 626 420 690 p.
436 621 511 690 315.
535 605 613 669 edit,
629 605 721 670 Galei
735 632 752 693 ιΙ
769 606 874 679 κοίλλος
897 605 960 690 ἔχον
979 608 1026 669 καί
1045 606 1132 691 χάριν
1149 611 1187 680 είς
1232 656 1239 670 .

159 706 189 767 si
202 704 309 791 τέρπει
323 704 370 784 καὶ
381 707 460 781 ἥδιον.
494 705 663 769 Musonius
676 727 728 791 ap.
742 707 832 770 Stob.
847 727 880 790 p.
897 708 954 788 167
968 730 976 769 ι
1000 709 1120 786 οὐδαμῶς
1133 709 1186 783 ἤδει

158 805 203 867 τὸν
225 803 389 891 bima:
418 805 480 869 alia
501 804 556 869 dat
578 807 759 891 Stephanus
783 806 876 871 Thes.
899 809 937 870 L.
963 808 1021 872 Gr.
1042 808 1081 871 T.
1101 806 1129 871 1.
1151 827 1186 892 p.

160 923 256 984 1414.
292 903 420 968 Deinde
436 903 602 991 κιραοέολοι
615 906 757 969 Timaeus
772 905 870 971 Glols.
888 903 967 969 Plat.
990 926 1023 991 p.
1041 919 1112 990 155.
1130 928 1186 971 ex·

156 1004 253 1090 ponit
271 1001 402 1083 ἄτηκτοι,
424 1008 455 1069 τὸ
475 1009 513 1088 μὴ
536 1004 606 1069 οίκοι
625 1005 753 1092 παιδείᾳ,
771 1005 812 1070 de
832 1028 896 1091 quo
917 1005 1008 1091 plura
1029 1006 1187 1071 Ruhnke-

157 1106 252 1169 nius:
280 1105 367 1169 -forte
388 1106 481 1191 poffit
504 1105 668 1193 κερασφόρον
689 1105 764 1184 οὖας,
788 1107 938 1193 cornigera
957 1106 1051 1185 auris,
1073 1106 1189 1174 eodem

155 1205 250 1270 sensu
263 1205 360 1285 durae,
375 1205 511 1292 inficetae,
525 1205 607 1299 παίίο
616 1209 706 1295 serfic
720 1208 792 1271 ιἰἑὶὶ
805 1209 928 1271 excultae
941 1209 1035 1287 auris,
1049 1207 1188 1273 retineri.

156 1307 309 1393 Denique
333 1315 440 1394 κροῦσις
466 1307 561 1372 etiam
583 1307 623 1371 de
645 1308 730 1372 tibiis
751 1331 788 1372 ac
814 1309 899 1373 tubis
924 1308 987 1373 dici
1012 1309 1125 1395 potest,
1150 1323 1188 1376 ut

157 1409 307 1495 κρούματα
319 1409 470 1491 αὐλήματα
488 1416 631 1487 καλοῦσιν,
646 1423 798 1474 monente
813 1409 982 1475 Plutarcho
997 1412 1042 1474 ll.
1065 1433 1097 1497 p.
1112 1412 1186 1496 638.

157 1510 209 1574 C.
224 1527 301 1593 704.
315 1510 358 1573 D.
382 1525 456 1595 973.
471 1512 509 1572 E.
536 1509 672 1573 Fortalle
686 1509 719 1572 in
735 1509 797 1574 hoc
813 1509 983 1595 aenigmate
997 1509 1116 1595 aliquid
1130 1533 1186 1579 exe

157 1609 259 1696 empli
279 1609 344 1673 fuit
364 1608 509 1694 Euripidi
522 1609 670 1674 scribenti
685 1609 725 1673 de
738 1609 852 1674 Minoe
865 1609 1044 1694 sepulcrum
1059 1609 1187 1689 Glauci,

157 1710 252 1798 cujus
267 1709 416 1775 didionis
430 1721 552 1794 partem
568 1709 696 1773 servavit
712 1709 898 1774 Plutarchus
912 1708 1042 1772 Advers.
1056 1708 1186 1792 Epicur.

158 1833 193 1897 p.
210 1829 307 1890 1104.
321 1811 365 1874 D.
389 1813 423 1885 οιίς
441 1815 455 1872 d
475 1808 568 1883 Μίναις
582 1815 622 1893 τῷ
636 1808 758 1894 Γλαύκῳ
776 1811 927 1896 Κρητικοὺς
943 1809 1042 1882 αὐλοὺς
1055 1807 1188 1886 θανούσης
1271 1816 1274 1820 ’

158 1920 240 1975 κῶλα
253 1909 386 1988 ποικίλης
398 1908 488 1995 stipari
501 1909 702 1986 csrddaiowsq,
717 1911 785 1986 ἥδιον
799 1907 900 1993 &aasz
916 1930 987 1992 quae
1002 1929 1042 1971 ex
1056 1907 1189 1994 Polyido

158 2009 270 2075 fabula
282 2009 341 2074 elle
356 2009 482 2073 monuit
495 2009 726 2075 Valckenarius
739 2008 876 2073 Diatrib.
891 2030 924 2093 p.
938 2027 1012 2088 204.

202 2130 278 2196 150.
293 2114 331 2176 E.
345 2115 380 2176 F.
403 2113 636 2198 Βνοιρῖτας-διοὶ
648 2116 766 2192 Τορῶνα
783 2109 1071 2195 προπηλακιζόμενον]
1098 2110 1187 2176 Plut-

160 2211 276 2276 archus
298 2212 351 2276 Dc
375 2210 453 2275 lfide
475 2224 509 2276 et
529 2211 607 2278 Ofir.
629 2233 661 2297 p.
676 2213 751 2295 362.
767 2213 792 2275 F
798 2231 810 2272 1
830 2219 883 2273 τῶν
895 2211 946 2290 μὲν
959 2209 1107 2296 ἀνθρώπων
1126 2213 1195 2287 τοὺς

160 2313 281 2402 πυρροὺς
294 2312 560 2399 προπηλακίζοντος,
574 2311 629 2376 ὄνον
643 2313 669 2374 di
683 2312 705 2397 'i
726 2311 985 2397 κατακρημνίζοντες
998 2314 1033 2385 οίς
1047 2313 1187 2392 Karna,

161 2416 202 2478 ha
215 2416 248 2477 τὸ
259 2415 364 2500 πυρρὸν
377 2414 517 2499 γεγονέναρ
530 2416 576 2476 τὸν
589 2419 705 2495 Τυφῶνα
719 2414 741 2498 οὲ
756 2413 834 2488 ὀνώδη
853 2416 901 2490 τὴν
917 2412 1016 2499 χρόαν·
1042 2418 1196 2501 Βασιρῖταρ,

163 2517 221 2601 liri
235 2519 424 2593 Λνκοπολῖτοιρ
436 2513 589 2598 σάλπιγξιν
603 2518 632 2576 οὔ
646 2523 769 2599 χρῶντας
782 2515 813 2576 τί
828 2513 970 2598 παράπαν,
984 2515 1019 2587 ais
1033 2512 1082 2600 ὅνιρ
1096 2520 1187 2599 φθαρ-

164 2616 290 2700 γομίναις
308 2614 429 2702 ἓμφιρίς.
465 2614 612 2679 AEllanus
628 2616 707 2678 Nat.
726 2614 868 2678 Animal.
884 2616 926 2678 X.
943 2615 982 2680 28
998 2639 1005 2676 :
1029 2615 1195 2698 Σάλπιγίος·

164 2715 227 2801 inger
239 2715 425 2798 βδελιίοίοντοη
438 2719 585 2802 Βοοιρῐτοιρ
600 2713 774 2800 ιὲἈὸυδοςίη
790 2713 936 2798 Αίγοπίία,
951 2715 973 2798 'i
987 2714 1077 2776 λύκων
1090 2714 1187 2790 πόλις·

166 2816 206 2897 ιο)
219 2807 325 2902 λίγειαι
338 2815 501 2894 druidas,
517 2813 570 2878 ’ναοί
592 2841 647 2888 πιος
669 2814 750 2877 ἔοικεν
772 2813 821 2898 ὄναρ
842 2810 1028 2899 βραμαριίνορ.
1063 2815 1188 2902 Astigit

166 2931 194 2982 et
206 2916 406 2984 lablonlkius
421 2916 453 2979 in
470 2915 611 2979 Pantheo
625 2916 762 3000 AEgypt.
780 2917 863 2978 Part.
878 2915 938 2976 lll.
953 2935 986 2997 p.
996 2928 1050 2997 45.
1064 2928 1098 2978 et
1112 2915 1166 2997 67.

204 3034 277 3103 150.
292 3019 327 3081 F.
349 3017 495 3103 περιορῶν]
522 3015 608 3079 Falsa
620 3014 735 3079 ledlioz
759 3026 885 3098 poterat
897 3013 995 3092 πάλας
1008 3020 1073 3096 ίρὸιν
1087 3015 1187 3081 fitiffe.
1232 3046 1235 3051 ·

169 3117 252 3182 Harl.
272 3137 302 3181 1.
319 3135 350 3180 2.
366 3121 441 3202 ὀρῶν.
480 3115 575 3179 Certe
589 3116 656 3201 περί
679 3115 719 3177 ab
734 3112 943 3187 antecedente
956 3113 1118 3201 Περίανδρος
1132 3137 1187 3181 ac.

168 3220 301 3293 crescere
315 3217 439 3304 potuit:
462 3231 499 3281 ut
517 3239 549 3302 p.
568 3237 640 3303 149.
657 3219 696 3279 E.

203 3339 237 3403 p.
252 3332 326 3401 151.
338 3317 382 3379 A.
404 3319 539 3401 Ποῦ·γοὶρ
554 3314 569 3391 ἢ
582 3319 655 3397 μετὰ
668 3312 801 3399 rivas—J
828 3314 966 3379 Gemina
979 3318 1022 3380 est
1036 3317 1189 3383 orationis

171 3415 265 3484 torma
279 3417 312 3481 in
324 3405 457 3481 Dese&
465 3416 560 3480 Orac.
576 3435 608 3500 p.
620 3434 695 3495 421.
707 3416 759 3478 A:
777 3415 817 3478 ad
832 3414 914 3479 hanc
928 3415 1082 3482 rationem
1099 3440 1190 3483 revo-

171 3518 283 3583 unda:
306 3523 347 3581 ποῖ
359 3542 401 3590 τις
416 3515 592 3603 ιύμινιςέροις
610 3519 759 3602 ἀκροαταῖς
780 3515 1054 3602 ἐπιτυχὼν-τούτοις
1073 3522 1190 3602 δοκιμά-

171 3641 217 3683 οιιι
229 3619 281 3695 τίς
295 3617 395 3702 λόγος·
418 3616 628 3681 antecedente
642 3614 688 3695 καί
701 3615 820 3694 deleto,
833 3631 870 3680 ut
884 3639 922 3680 ex
935 3619 1072 3702 πρόκειται
1085 3633 1168 3684 orto.

207 3739 278 3805 151.
293 3719 338 3782 A.
361 3723 397 3791 εἰς
417 3716 541 3791 ἅπαντας
562 3718 645 3800 ὑμᾶς]
674 3722 755 3798 ὑμᾶς,
771 3717 857 3802 quod
878 3717 1023 3783 dedimus
1036 3741 1094 3804 pro
1107 3727 1189 3804 ἡμᾶς,

171 3820 256 3886 estex
269 3820 308 3884 B.
323 3818 410 3886 Vols.
427 3818 518 3882 Harl.
537 3838 565 3880 1.
582 3820 672 3881 Mez.
925 3837 932 3850 ·

209 3939 281 4006 151.
296 3922 336 3985 B.
359 3924 372 3981 d
391 3919 558 4008 Νειλόξενος,
582 3921 662 3982 αὐτὸν
684 3920 766 4002 ὃὲ-]
803 3917 884 3984 Puto
904 3920 1048 4005 scripfill'e
1067 3920 1190 3989 Plutar-

169 4019 281 4086 chum:
305 4018 431 4098 Οἷίτοιδὴ
445 4018 580 4104 cupediis
594 4021 644 4100 μὲν
658 4023 732 4104 αὐτῷ
747 4020 779 4082 τὸ
794 4027 982 4106 γραμματεῖον
996 4026 1009 4081 ὁ
1023 4020 1188 4098 Νοιλόἔινος·
1219 4096 1224 4104 ι

169 4121 314 4185 diducitis
333 4119 458 4184 inimcos
476 4120 601 4182 λύσαντα
617 4146 656 4183 οι.
671 4146 711 4182 οι.
727 4147 750 4192 a.
765 4147 799 4201 μ.
815 4126 844 4184 οἰ.
862 4120 883 4182 i.
894 4143 922 4183 e.
938 4119 990 4182 ille
1004 4134 1112 4201 autent,
1124 4126 1191 4210 sci·

168 4220 234 4286 licet
247 4223 335 4304 Bias,
347 4219 438 4308 juffit
457 4221 550 4307 ipsum
573 4220 748 4295 Niloxcaum
768 4219 912 4306 epistolam
933 4222 1080 4309 rssgnare
1097 4238 1125 4288 et
1144 4216 1190 4291 cs'·
