2700 4928
302 361 1009 441 ruAEcErracONJUGatla.p.ma.11,u.
1107 373 1164 440 901

138 521 307 608 ἃςροληίας
331 523 378 605 καὶ
402 528 486 590 εἰδυῖα
505 529 556 600 τοὶς
576 526 710 603 ἐκλείψεις
729 534 775 604 τῆς
794 529 916 606 σελήνης,
941 528 1019 591 ὁπότε
1039 525 1167 609 pimini

138 623 304 706 γοοῆσεῶοο,
321 624 423 705 ἔφασκε
434 630 481 702 τὴν
493 630 555 690 θεὸν
570 631 720 713 κοῖαοπξιο.
757 630 914 714 Hegetor,
933 627 1072 714 quisquis
1091 627 1165 707 fuit,

138 739 225 792 certe
249 751 314 791 non
337 727 422 793 idem
443 729 609 794 habendus
626 745 722 816 atque
737 733 852 817 Agetor
871 731 1033 795 familiaris
1047 733 1163 795 Mene-

138 824 236 906 demi,
251 841 447 892 memoratus
464 829 605 914 Diogeni
619 829 748 894 Laertio
764 832 807 894 Il.
825 832 897 915 138.
920 844 957 894 ut
975 830 1075 895 voluit
1089 830 1164 895 Rei-

138 925 237 1006 [kius3
273 927 423 1013 liquidem
447 929 656 1014 antiquissima
682 930 751 994 lnec
779 931 840 994 suit
866 946 899 994 et
922 932 962 994 ab
987 930 1166 1017 Aglaonica

138 1028 228 1093 luxit
247 1028 368 1112 opinio.
405 1031 495 1094 Nota
519 1044 627 1094 autem
653 1031 696 1094 est
718 1030 788 1095 lraec
810 1030 851 1095 de
874 1030 1025 1096 Thessalia
1046 1031 1164 1097 mulie·

138 1127 228 1192 ribus
250 1129 358 1193 fabula
378 1129 549 1216 multisque
572 1144 769 1195 memorata:
800 1155 829 1196 v.
852 1154 880 1196 c.
920 1131 1087 1197 Plutarcho
1111 1134 1163 1197 Do

138 1228 232 1313 Pyth.
253 1229 347 1294 Orac.
372 1253 404 1315 p.
418 1251 493 1310 400.
513 1233 551 1295 B.
589 1231 790 1317 Aristophani
810 1233 898 1296 Nub.
922 1248 994 1316 747.
1039 1232 1162 1298 Platoni

138 1328 258 1414 Gorgia
278 1351 311 1414 p.
326 1333 402 1415 308.
417 1333 462 1395 D.
498 1331 676 1395 Menander
698 1332 729 1395 in
753 1331 889 1416 Tbeffirla
905 1334 978 1396 telle
999 1332 1099 1398 Plinio
1114 1336 1160 1398 H.
1200 1384 1204 1391 .

138 1431 178 1495 Ν.
201 1433 310 1495 ΧΧΧ.
329 1452 358 1498 2.
394 1434 481 1498 Dion
506 1433 620 1520 Chrys.
644 1433 702 1497 Or.
720 1434 858 1499 XLVll.
880 1450 954 1516 525.
969 1438 1013 1498 A.
1051 1435 1161 1499 Eusta-

138 1530 221 1595 thius
232 1532 269 1595 -in
285 1533 374 1596 Basrl.
391 1535 440 1597 M.
457 1535 677 1597 Hexaemeron
693 1555 725 1618 p.
742 1549 792 1616 17.
822 1533 1013 1599 Metiriacus
1026 1533 1067 1598 ad
1082 1534 1159 1598 Ovi·

138 1631 178 1697 tii
195 1634 293 1719 Epist.
314 1636 352 1698 T.
367 1637 410 1698 ll.
432 1657 464 1720 p.
483 1636 535 1698 88.
573 1635 759 1722 Salvagnius
774 1635 814 1699 ad
831 1634 933 1699 Ovidii
951 1636 1020 1699 Ibin
1036 1637 1109 1719 287.

177 1753 251 1818 145.
267 1735 311 1798 D.
333 1736 424 1817 μύλοις
441 1738 582 1819 natabat]
610 1737 822 1821 Hippocrates
838 1739 889 1800 De
906 1737 1014 1800 Morb.
1030 1734 1161 1800 Mulier.

138 1836 159 1898 l.
184 1857 219 1921 p.
234 1838 308 1900 618.
347 1838 461 1901 Foefiua
485 1838 936 1922 (lacon.1-lipp.voc.1rtm
978 1837 1162 1902 Aristoteles

138 1939 184 2007 De
199 1939 351 2002 Generat.
366 1939 505 2003 Animal.
521 1941 579 2002 IV.
598 1957 632 2021 7:
656 1941 723 2025 oapi
739 1939 765 2000 δὲ
779 1944 826 2014 τῆς
847 1938 1001 2019 καλεομένης
1019 1939 1161 2020 μύλης·-

138 2038 246 2103 rlzracr
268 2044 325 2125 γὰρ
345 2039 359 2102 i
380 2049 497 2104 καλοῦσι
517 2041 722 2123 μύλην-’τότε
743 2039 879 2124 plancas]
901 2041 1052 2122 καλουμένη
1074 2042 1159 2124 μόλῃ·

138 2140 176 2205 rei
190 2140 274 2205 ratio
288 2141 413 2227 legatur
428 2142 513 2227 apud
526 2142 585 2207 hos
602 2142 682 2227 ipsos
695 2140 859 2207 auctores:
884 2164 921 2205 ex
936 2141 1073 2207 dictione
1087 2143 1159 2229 qui-

138 2239 205 2307 lem
226 2241 403 2306 Aristotelis
426 2260 569 2328 apparet,
593 2266 630 2306 ex
648 2242 743 2330 hujus
763 2243 851 2307 sonte
867 2244 949 2307 hanc
963 2245 1159 2309 mentionem

138 2343 250 2410 luxisse
272 2344 500 2408 Plutarchumr
529 2345 620 2432 cujus
639 2345 709 2408 haec
731 2346 835 2424 verba,
857 2350 895 2409 τοὶ
916 2347 942 2408 δὲ
963 2344 1075 2432 ἄμορφα
1093 2347 1159 2423 noi·

138 2447 345 2528 οπο-μόλοις
360 2453 476 2525 raaia-1,
493 2447 612 2510 habent
626 2446 802 2533 enallagem
821 2447 1069 2526 construetioniS,
1086 2471 1158 2534 quae

138 2548 310 2634 requirebat
334 2547 415 2611 lranc
440 2547 693 2626 collocationem,
720 2548 807 2620 3511}
831 2547 944 2635 ἄμορφοι
967 2547 1160 2630 uespera-fol

139 2648 220 2726 μύλοις
235 2655 355 2726 mabar,
371 2648 464 2733 cujus
478 2661 511 2710 et
525 2648 598 2711 usus
612 2647 675 2711 late
691 2662 790 2732 patet,
805 2663 838 2711 et
855 2649 1027 2713 obsecratio
1049 2648 1158 2713 multis

142 2746 294 2834 impeditis
309 2752 461 2812 Veterum
484 2748 562 2811 locis
584 2749 687 2812 lucem
709 2749 823 2827 adfert,
837 2748 877 2812 de
891 2772 954 2833 qua
969 2747 1043 2811 alibi
1058 2770 1157 2832 expo-

143 2868 255 2913 nemus.
290 2849 407 2912 Plinius
425 2852 469 2913 H.
485 2852 528 2913 N.
544 2852 621 2912 Vll.
641 2870 697 2933 13:
724 2848 823 2912 Solum
838 2863 934 2912 autem
949 2848 1064 2911 animal
1076 2873 1157 2911 mcu-

138 2947 236 3030 stmale
253 2950 359 3015 mulier
378 2950 436 3035 cst:
460 2952 528 3014 inde
548 2950 637 3013 anius
653 2962 732 3014 atero
750 2973 823 3036 quas
842 2949 1032 3036 appellarunt
1053 2948 1154 3014 molus.

146 3047 185 3112 Eo
197 3051 233 3136 est
246 3077 313 3115 caro
328 3052 461 3137 irfformis
476 3052 620 3130 inanima,
632 3052 716 3136 ferri
732 3052 820 3126 ittam
834 3064 861 3112 ct
877 3050 966 3113 aciem
980 3052 1124 3138 respuens.

180 3169 246 3238 145.
262 3155 307 3218 D.
329 3153 594 3237 παιδίον-νοοοῆσαο]
627 3152 815 3216 insolentius
837 3152 971 3231 dietum,
993 3152 1025 3215 in
1049 3152 1157 3238 primis

147 3247 337 3333 demoliere3
361 3267 398 3319 ut
411 3254 492 3317 sorte
508 3254 577 3338 quis
593 3253 632 3317 de
653 3252 771 3318 mendo
786 3253 943 3338 suspicans
956 3252 1046 3317 malit
1061 3259 1158 3333 κυῆσοο

148 3351 184 3415 vel
200 3357 374 3432 ποιήσαθω.
417 3356 468 3417 De
489 3355 554 3416 viro
576 3353 704 3438 quidem
726 3367 760 3418 et
782 3353 883 3438 ipsum
905 3353 1016 3433 rarius,
1039 3353 1157 3418 dicitur

148 3462 235 3520 tamen
249 3457 346 3521 semel
361 3478 380 3519 a
396 3455 564 3520 Plutarcho
595 3456 713 3541 Pyrrho
727 3477 759 3540 p.
771 3475 845 3536 402.
862 3456 889 3520 C
904 3482 912 3519 ε
935 3457 1154 3530 caumata.

149 3549 278 3644 Diogene
293 3557 420 3622 Laertio
436 3559 462 3620 l.
478 3578 530 3642 94.

181 3675 245 3743 145.
256 3661 301 3723 D.
325 3657 415 3722 ἄτοπα
428 3663 522 3721 πολλοὶ
535 3656 581 3737 κα)
593 3659 700 3743 φαῦλα]
727 3658 765 3721 Β.
778 3658 898 3722 omittit
913 3658 1013 3722 ἄτοπα·
1037 3672 1071 3722 et
1083 3660 1155 3722 sane

149 3761 230 3836 perse
245 3760 322 3823 stare
337 3760 434 3844 potest
448 3759 574 3843 πολλάοῂ
590 3766 694 3839 φαῦλα·
712 3780 774 3844 qua
789 3758 828 3821 de
842 3759 1066 3844 compositione
1082 3781 1154 3822 mo·

147 3854 254 3923 nimus
267 3859 309 3922 ad
325 3881 356 3944 p.
367 3880 421 3940 41.
439 3862 476 3922 Ε.

177 3976 244 4043 145·
256 3963 295 4023 E.
310 3959 591 4044 ωλουσίος-Ξὲνης]
617 3957 831 4045 Opposrtionis
847 3960 925 4023 ratio
940 3958 1082 4022 videatur·
1095 3957 1153 4023 de-

143 4053 269 4138 sderare,
290 4064 426 4134 πολίτιδος
446 4083 505 4146 pro
525 4060 679 4138 πλουσίοις,
703 4059 735 4122 in
754 4059 840 4146 quod
861 4059 939 4123 illud
955 4058 1046 4123 facile
1061 4080 1081 4122 a
1095 4059 1152 4123 de·

140 4157 277 4245 scriptore
294 4163 412 4226 mutari
427 4162 577 4249 potuerit.
615 4164 685 4228 Nec
701 4177 807 4227 tamen
823 4160 1014 4228 contendam
1034 4160 1114 4226 illud
1134 4184 1154 4226 a

139 4259 297 4329 Plutarcho
316 4263 470 4349 scriptum
486 4265 585 4340 luisse.

598 4385 690 4452 31¹3
