2700 4928
55 274 60 281 Ι
175 332 237 397 770
315 328 335 365 '·
361 320 762 387 'D.w.AN1MAt>v.1N
783 325 1013 387 PLUTARCHI

176 506 245 554 non
265 487 423 552 novimus.
461 485 558 553 Unde
571 510 651 576 ergo
663 488 728 553 hoc
745 512 863 554 nomen
886 487 1030 553 exstititle
1043 484 1208 561 dicemus?

178 586 335 675 Equidem
350 588 383 652 id
398 588 540 654 exstitisse
561 603 673 676 putem
695 589 744 655 vel
767 613 807 655 ex
826 590 956 655 nomine
974 586 1210 665 Alcidamtis,

177 688 211 754 in
226 687 319 776 cujus
336 690 526 754 Laudatione
539 691 650 755 Mortis
664 691 698 755 hi
713 692 817 757 versus
830 691 999 781 memorari
1014 701 1208 775 potueruut:

177 809 243 874 qua
257 787 297 852 de
315 810 349 852 re
370 789 535 854 Ciceronis
554 791 752 855 mentionem
766 812 805 854 ex
818 792 912 855 Tusc.
930 792 957 854 Ι.
971 790 1026 869 48.
1050 788 1211 873 posuimus

177 889 271 974 supra
290 890 331 954 ad
354 913 387 977 p.
406 913 435 956 1.
451 893 495 955 F:
522 891 627 956 velex
649 891 778 956 nomine
800 886 1070 979 Amphidamantis
1093 888 1211 954 Chalci·

177 989 281 1075 denstr,
306 990 399 1079 cujus
424 992 457 1056 in
480 992 591 1057 funere
612 991 691 1056 illud
714 990 838 1056 Homeri
860 1003 889 1054 ct
911 990 1033 1076 Hrstodi
1057 988 1208 1067 Quum

177 1091 328 1156 habitum
350 1094 462 1173 fertur,
485 1107 522 1157 ut
543 1092 690 1180 proditur
705 1091 737 1157 in
752 1092 807 1157 illo
823 1091 890 1179 ipso
906 1090 1016 1156 libello
1037 1112 1075 1177 p.
1088 1103 1164 1177 321.
1176 1104 1209 1155 et

178 1191 342 1258 Plutarchi
364 1194 495 1259 Conviv.
519 1195 661 1280 Sapient.
684 1215 716 1280 p.
734 1213 805 1279 153.
821 1195 860 1257 E.
879 1191 935 1256 ubi
949 1191 1043 1278 plura
1056 1191 1207 1256 dicemus.

178 1292 216 1353 ln
233 1293 407 1358 Proverbiis
421 1294 601 1358 recensetur
616 1291 824 1358 Homericum
839 1290 962 1356 didum
973 1312 993 1353 a
1005 1288 1208 1378 Diogeniano

179 1393 241 1457 lll.
256 1414 295 1475 4:
322 1394 568 1481 Theognideum
591 1416 611 1456 a
632 1392 730 1458 Suida
753 1394 814 1458 lll.
834 1394 888 1457 66.
911 1391 969 1455 live
991 1412 1071 1455 voce
1091 1390 1206 1478 Ἀςχῆν

178 1495 234 1560 ubi
256 1496 317 1561 alia
339 1496 434 1562 etiam
456 1496 576 1560 notavit
592 1496 750 1561 Kusterus.
787 1493 1004 1580 Reprehendit
1019 1492 1206 1559 sententiam

176 1596 335 1684 Epicurus
357 1599 444 1684 apud
465 1598 646 1684 Diogenem
669 1599 773 1661 laert.
795 1598 838 1659 X.
864 1598 945 1661 126:
974 1594 1073 1681 paulo
1093 1594 1205 1661 diverse

176 1698 331 1765 citantem
353 1702 495 1764 -Καλόν
516 1701 566 1781 μὲν
586 1704 624 1781 μὴ
648 1706 735 1782 φῦναι·
758 1697 856 1761 Φύπα
877 1699 898 1761 δ’
916 1696 983 1771 ὅπως
1002 1695 1095 1770 durfos
1112 1701 1204 1770 πυλὶς

175 1801 254 1865 ἀΐδαο
270 1807 403 1888 eripient.

176 1945 177 1949 κ
222 1918 294 1985 115.
307 1902 346 1966 E.
370 1907 461 1981 Δῆλον
482 1901 746 1989 οὖν-ἀπεφῄνατω]
773 1902 892 1965 Utrum
912 1899 983 1966 hec
1004 1899 1065 1964 fint
1087 1899 1201 1965 Aristo·

176 2000 249 2065 telis
262 2025 303 2066 an
318 2002 490 2084 Plutarchi,
506 2003 593 2068 haud
610 2003 701 2068 facile
715 2001 786 2088 quis
801 2000 899 2066 dicat.
933 2002 1004 2066 Nec
1019 2001 1201 2089 interpreter

174 2101 221 2165 ita
242 2103 460 2183 reddiderunt,
483 2117 520 2168 ut
533 2103 611 2190 quid
624 2103 677 2189 ipsr
694 2101 918 2189 judicaverint,
932 2117 1096 2188 appareat.
1132 2100 1200 2167 Ari·

174 2202 322 2268 stotelicis
338 2219 446 2268 tamen
460 2226 556 2290 quam
573 2201 765 2266 Plutarcheis
780 2201 925 2266 lirniliora
939 2215 1031 2289 puto.

220 2320 291 2387 115.
308 2305 344 2366 F.
369 2305 461 2387 διεχῆ]
493 2302 606 2367 Rarius
628 2303 836 2366 vocabulum:
860 2302 1057 2367 contrarium
1075 2310 1197 2369 τοῢσυν·

121 2438 124 2443 ·
173 2409 255 2487 εχῦς,
270 2402 426 2487 conjuncti,
440 2401 568 2465 continui
577 2426 588 2480 3
612 2403 719 2488 itaque
735 2415 825 2465 notat
847 2403 1037 2491 (liprandum,
1053 2403 1196 2491 intemp-

173 2515 245 2567 tum.
292 2503 345 2566 Sic
366 2501 553 2568 Plutarchus
580 2503 857 2567 Solert.Ani1nal.
879 2525 911 2589 p.
927 2506 1002 2589 966.
1019 2507 1059 2570 E.
1096 2507 1199 2571 Habet

171 2603 355 2692 Hesychius
376 2604 409 2668 iu
427 2625 521 2668 voce:
546 2617 580 2667 ct
593 2606 647 2668 H.
663 2604 848 2690 Stephanus
869 2604 964 2670 Thes.
987 2608 1027 2670 L.
1043 2608 1102 2672 Gr.
1121 2608 1158 2672 T.
1172 2606 1194 2669 l.

171 2726 207 2793 P·
227 2726 319 2792 ¹340·

217 2824 289 2894 115.
306 2812 341 2874 F.
362 2809 605 2892 Ἐπιλελησμένοις
620 2808 663 2874 οὖν
676 2813 811 2893 ἐοίκαμεν.
845 2812 890 2873 Οὐ
904 2809 1111 2900 γὰρμὸκμ]
1138 2809 1194 2876 Ob·

171 2908 234 2973 litis
248 2934 317 2997 crgo
328 2910 443 2994 fimiles
454 2914 572 2998 sumus.
611 2912 785 2998 Cujusnanr
801 2935 874 2977 vero
892 2912 937 2976 rei
955 2912 1084 2978 oblitis?
1115 2914 1195 2979 Sitn-

170 3009 296 3096 pliciter
317 3011 454 3077 reddidit
468 3015 582 3098 Steph.
597 3012 710 3098 Niger,
727 3013 966 3100 Oblivdientium
981 3014 1078 3102 igitur
1087 3014 1197 3101 fimiter

158 3112 276 3198 stemus.
314 3114 550 3201 Suppleverunt
568 3114 688 3201 aliquid
707 3116 879 3202 Anryotus‚
902 3113 1027 3202 nostrum
1049 3119 1106 3206 ipſs
1119 3117 1198 3183 obliti

157 3214 275 3300 surius,
298 3230 331 3279 et
352 3217 528 3305 Xylander,
549 3217 633 3280 obliti
652 3216 788 3281 videmur
809 3216 913 3302 nostra
923 3219 1029 3305 sortis.
1069 3220 1197 3287 Planea

167 3314 269 3380 verbis
291 3329 324 3380 et
345 3317 501 3384 sententia
514 3319 639 3383 aberrat
660 3318 824 3384 Cruserius
846 3335 970 3385 vertens
991 3302 1196 3411 Adaequainus

166 3415 263 3505 igitur
276 3441 321 3482 eos
335 3418 443 3483 oblitis.
481 3420 584 3505 Atqui
604 3420 783 3504 proximum
798 3426 842 3485 Οὐ
858 3426 916 3507 γὰρ
928 3422 1051 3504 μόνον-
1063 3427 1107 3491 est
1120 3425 1196 3493 illud

167 3516 261 3604 cujus
283 3518 376 3583 obliti
397 3522 517 3599 liunus,
540 3519 624 3584 valet
644 3521 730 3585 enim
750 3522 828 3586 item
842 3529 911 3608 γὰρ,
931 3523 1019 3608 quod
1033 3523 1086 3605 ὅτι,
1103 3527 1136 3599 iu
1149 3526 1195 3593 ci·

166 3617 273 3705 tendis
296 3620 375 3685 locis
396 3636 431 3686 et
451 3621 608 3687 sententia
628 3623 824 3708 explicanda,
845 3638 883 3689 ut
903 3624 1073 3693 docuimus
1094 3651 1130 3715 p.
1142 3645 1195 3715 37.

166 3723 210 3787 F:
234 3720 342 3810 itaque
355 3722 461 3787 sensus
481 3723 535 3787 hic
554 3723 614 3789 effe
628 3723 781 3803 videatur,
800 3723 897 3789 Obliti
910 3727 1059 3807 videmur,
1073 3754 1126 3806 nos
1139 3754 1198 3796 nor

148 3825 255 3912 'solum
273 3822 440 3914 pamniam,
452 3825 513 3912 sad
533 3826 646 3890 omnino
665 3851 761 3891 rerum
775 3827 972 3893 bumanorum
991 3829 1109 3895 nullam
1126 3849 1196 3922 pro·

163 3928 263 4012 priam
282 3923 431 4014 poffldcrc.
470 3926 580 4012 Atque
601 3927 662 3992 hac
683 3927 716 3992 in
740 3928 861 3993 ratione
882 3929 1080 4016 acquiescere
1102 3934 1196 4021 poffi·

131 4055 134 4060 ·
164 4048 257 4110 mus3
281 4028 334 4093 nlfi
356 4027 439 4092 forte
458 4048 530 4091 vera
550 4026 645 4094 ledtlo
667 4028 762 4093 fuerit
783 4029 951 4111 -ὶοῖκαμεν
975 4022 1015 4094 dri
1041 4038 1073 4097 οὒ
1094 4036 1194 4117 μόνως

164 4147 230 4211 quo
243 4129 361 4195 ducere
375 4127 499 4194 videtur
511 4128 612 4194 codex
629 4131 673 4193 D.
689 4129 743 4214 qui
757 4152 815 4214 pro
829 4135 858 4194 οὐ
872 4136 930 4220 γὰρ
945 4132 1008 4233 dat
1015 4133 1067 4200 tn.

163 4278 166 4285 .
205 4233 330 4314 p..116.
352 4231 396 4298 A.
432 4235 480 4297 .Τᾶ
503 4231 860 4317 χρήματα-ἀφαιροῦντσᾼ
884 4234 990 4320 πάλιν]
1018 4238 1195 4327 ,Euripidis
1241 4216 1244 4277 i

513 4584 664 4646 A
