2700 4928
159 378 237 432 noo
345 372 386 433 D.
395 373 447 432 W.
467 370 674 432 ANIMADV.
695 369 743 430 IN
764 367 1000 428 PLUTARCHI

157 532 305 600 libellum
326 533 553 623 fignificaverit.
590 535 797 621 Quamquam
816 552 922 620 neque
942 528 1007 594 hoc
1026 548 1089 615 pro
1105 538 1184 594 oeno

159 635 290 722 quidem
306 637 452 701 habeam.
490 637 655 702 Caetcrum
673 633 799 700 initium
813 632 910 720 hujus
922 628 1028 697 libelli
1040 651 1119 694 cum
1132 629 1185 692 fine

161 736 378 801 antecedentis
400 737 590 802 continuant
610 760 674 802 non
689 736 791 802 solum
813 734 943 800 codices
962 754 984 797 a
1006 731 1102 796 nobis
1124 751 1184 794 me·

160 839 278 903 morati
290 838 323 902 io
338 839 580 905 Emendationis
600 838 792 916 Nolanum,
808 835 927 923 quibus
948 834 1051 900 etium
1071 830 1186 899 accolit

161 938 363 1019 Harleianun
387 941 441 1006 sed
464 942 529 1028 ipsa
549 941 651 1028 prima
673 942 767 1006 verbo
785 944 848 1002 Τῶν
869 940 897 1002 ii
916 936 1057 1003 εἴσεόπωε
1078 947 1185 999 mni.

160 1040 278 1126 Neque
292 1055 399 1107 tamen
413 1042 477 1108 hoc
491 1042 638 1129 impedit,
658 1040 831 1129 quominus
845 1039 899 1105 hic
916 1038 960 1104 ab
979 1037 1038 1102 illo
1058 1037 1185 1101 diversus

161 1154 196 1205 et
209 1141 376 1226 peculiaris
389 1141 470 1208 liber
487 1143 548 1208 effe
561 1143 701 1229 potuerit
716 1169 724 1206 ι
748 1162 815 1207 non
829 1139 937 1205 minue
951 1161 1053 1227 quum
1067 1137 1117 1203 vel
1127 1139 1184 1202 Xe-

162 1245 335 1331 nophontis
354 1246 534 1327 Hellenica,
557 1247 732 1334 Republica
747 1247 1006 1323 Athenienfium‚
1021 1242 1186 1329 similiaque

161 1344 298 1410 aliorum
323 1349 449 1435 scripto,
474 1370 611 1435 quorum
635 1348 725 1414 initio
747 1347 787 1412 ad
810 1346 1061 1412 antecedentem
1083 1364 1185 1433 qoem·

163 1446 238 1512 dam
254 1447 371 1513 librum
387 1450 538 1536 spe6lant.

207 1570 241 1635 p.
256 1551 335 1634 236.
347 1553 381 1614 F.
403 1550 456 1636 αἲ]
482 1555 530 1616 Ex
542 1552 620 1617 Vna
637 1550 779 1639 Lycurgi
800 1570 833 1636 p.
847 1549 903 1631 46.
918 1549 964 1615 D.
1001 1549 1186 1615 Referturet

163 1651 196 1717 in
208 1654 401 1740 Sympofiac.
414 1657 492 1720 Vll.
508 1679 540 1741 p.
552 1661 626 1742 697.
639 1656 681 1720 E:
711 1651 1011 1736 Aaxeimpo'nor-irr
1025 1651 1082 1716 rior
1096 1650 1185 1730 ὶξὲεεε

163 1758 200 1830 εἷς
212 1757 244 1819 ri
257 1756 377 1820 Φεδίτεοε
394 1757 602 1847 augustinos,
621 1763 672 1833 τὰς
686 1757 797 1844 θυρίδας
817 1755 964 1834 δείξαντες,
978 1755 1091 1842 Ταύτῃ,
1101 1753 1185 1837 perir,

163 1860 212 1920 οὐκ
223 1856 368 1944 ἔξίρχετη
382 1858 476 1944 λόγος.
512 1854 699 1925 scholiastes
714 1855 852 1924 Platonis
867 1854 950 1947 με.
963 1856 993 1921 I.
1008 1879 1043 1944 p.
1053 1858 1129 1942 568.
1139 1857 1183 1921 D:

162 1957 312 2024 editionis
334 1962 378 2025 D.
400 1962 532 2027 Ruhnk.
559 1985 591 2048 p.
609 1980 689 2046 223:
711 1962 757 2024 τὸν
776 1961 798 2020 δ’
817 1956 1184 2047 ὄγκρεθένταόσςεσὸὅεε·

162 2089 209 2139 τος
222 2073 276 2128 τῶν
290 2064 429 2128 συσσίτων
450 2063 515 2150 ἦγεν
533 2068 569 2139 εἰς
586 2067 632 2129 τὸν
646 2063 717 2128 nixo
730 2062 760 2127 οὗ
773 2067 811 2125 τὰ
825 2060 973 2139 συσσίτια,
995 2063 1045 2125 καὶ
1058 2067 1133 2150 uqi
1146 2063 1185 2136 fir

162 2166 249 2253 θύραν
260 2166 333 2293 ἔνδον
349 2172 409 2242 iris
424 2167 530 2253 ἔλεγεν,
550 2173 575 2206 “
588 2168 658 2230 Ἀπὸ
672 2172 719 2242 τῆς
732 2163 818 2249 θύρας
831 2163 934 2240 raim
953 2162 1041 2249 λὸγυς
1056 2168 1106 2227 vit
1117 2161 1184 2250 ilie

160 2295 280 2454 χᾛό.
297 2372 331 2435 F.
353 2370 409 2455 8.]
433 2372 481 2434 Ex
495 2369 573 2435 Vna
585 2368 727 2457 Lycurgi
747 2389 781 2454 p.
791 2369 845 2449 46.
859 2332 901 2446 ll,
918 2368 955 2432 Β.
968 2367 1030 2433 ubi
1042 2388 1103 2455 pm
1116 2364 1185 2431 Dio·

46 2495 48 2498 ’
160 2470 238 2557 ipſso
267 2469 379 2536 siciliae
402 2484 538 2559 pronon,
563 2471 695 2558 ponitur
717 2469 828 2559 aliquis
854 2470 1046 2535 Ponticorum
1069 2492 1186 2558 regunt

161 2592 357 2661 quamquam
373 2573 405 2639 in
421 2573 532 2638 eadem
556 2595 590 2638 re
605 2572 761 2638 narrando
777 2572 946 2657 Dioryfhm
960 2585 1121 2658 tyrannm
1134 2573 1188 2637 feu

163 2673 280 2740 Cicero
293 2675 387 2740 Tusc.
402 2671 445 2742 V.
458 2695 513 2763 34.
528 2689 561 2740 et
573 2675 721 2740 Stobaeun
734 2673 818 2739 Flor.
835 2672 964 2738 XXIX.
987 2694 1023 2761 p.
1040 2675 1114 2741 208.
1141 2674 1188 2738 Do

162 2776 484 2843 Lacedaemoniorum
508 2779 602 2863 ζωμῷ,
629 2776 721 2864 plum
744 2774 842 2840 etiam
869 2773 1031 2840 Meurfiuu
1058 2772 1188 2840 Miscell.

161 2879 284 2943 Lacon.
301 2880 329 2942 l.
346 2881 377 2944 8.
393 2903 427 2967 p.
440 2899 494 2961 40.
801 2905 804 2911 ·

204 2998 238 3066 p.
255 2995 328 3065 237.
344 2981 388 3045 A.
410 2980 468 3067 y'.]
492 2982 540 3045 Ex
552 2980 629 3046 Vna
645 2976 787 3067 Lycurgi
805 3001 838 3066 p.
853 2979 908 3060 46.
923 2980 960 3044 Β.
998 2979 1053 3046 De
1066 2980 1130 3045 hoc
1141 2979 1188 3043 in·

162 3079 271 3145 stituto
290 3080 473 3169 Xenophon
497 3085 577 3170 Rep.
597 3081 715 3147 Iaoed.
730 3080 772 3147 V.
786 3096 819 3165 7.
857 3079 948 3145 Plato
972 3081 1005 3146 in
1029 3082 1141 3148 nfinoe
1156 3103 1188 3168 p.

160 3195 215 3265 47.
228 3182 272 3245 A.
298 3183 434 3270 Cragius
450 3186 512 3249 ΙΙΙ.
526 3199 605 3269 5.7.
620 3185 700 3248 etii.
716 3206 749 3270 p.
764 3198 836 3267 247.
851 3183 915 3270 seq.
941 3183 1103 3250 Meurfiun
1114 3183 1188 3251 Mis·

161 3276 235 3347 cell.
250 3280 372 3347 incon.
389 3285 415 3346 l.
435 3303 485 3365 14.
500 3306 533 3370 p.
548 3285 609 3367 63:
633 3296 667 3347 et
680 3303 740 3346 noo
754 3303 856 3369 pauca
871 3302 905 3369 p.
924 3301 998 3366 224.
1013 3285 1060 3349 D.
1075 3283 1109 3348 8.

173 3446 176 3451 .
205 3399 280 3469 237.
295 3383 339 3447 Α.
362 3382 410 3469 n]
437 3387 484 3449 Ex
501 3384 578 3448 Vita
600 3384 744 3472 Lycurgi
766 3407 799 3470 p.
812 3399 866 3470 50.
885 3385 925 3449 Β.
947 3398 983 3450 et
996 3405 1053 3467 44.
1062 3389 1100 3451 E.
1129 3386 1186 3450 Re·

161 3485 225 3552 fert
239 3485 375 3574 Crogius
391 3486 453 3550 111.
469 3487 501 3551 8.
520 3505 548 3550 1.
571 3506 605 3574 p.
622 3488 696 3554 282.
726 3485 883 3551 Meurfiuo
895 3485 993 3552 Mile.
1009 3488 1132 3553 locon.
1146 3486 1186 3551 11.

163 3605 216 3676 19.
231 3589 319 3676 quod
333 3588 364 3653 in
380 3588 484 3654 indice
499 3602 621 3654 temere
633 3601 793 3653 notatum.

204 3708 278 3776 237.
291 3691 329 3755 Β.
352 3690 399 3778 eL]
424 3693 472 3756 Ex
485 3691 562 3756 Vite
575 3689 718 3779 Lycurgi
732 3711 765 3776 p.
777 3704 832 3775 50.
848 3688 889 3754 C.
925 3688 1067 3779 Cmgiuo
1082 3689 1143 3754 111.
1156 3687 1186 3751 6.

161 3807 193 3861 2.
209 3813 242 3879 p.
258 3810 333 3877 252.
350 3808 383 3859 et
395 3810 429 3879 5.
450 3815 484 3879 p.
501 3809 575 3877 257.
611 3792 768 3858 Meurfiuo
780 3790 1087 3878 Misc.Lec.1.15.
1120 3793 1187 3858 No·

160 3895 220 3960 n..
234 3914 267 3982 n·
283 3909 358 3980 235·
374 3895 417 3960 A·
431 3891 494 3976 μ’·
718 3916 721 3923 ·

203 4012 277 4082 237.
294 3998 331 4062 Β.
354 3995 407 4084 ς’.]
431 3997 480 4061 Ex
495 3994 573 4060 uta
586 3994 730 4086 Lycurgi
751 4014 785 4082 p.
797 4011 854 4081 5ο.
868 3993 910 4060 C.
949 3994 1071 4062 Plinius
1085 3995 1131 4062 H.
1144 3995 1186 4061 N.

68 4172 72 4180 ,
157 4094 321 4162 xnus.

202 4214 276 4284 237.
287 4198 326 4264 Β.
343 4199 397 4285 ζ’.]
420 4201 593 4265 Puerorum
604 4220 696 4264 umor
707 4196 844 4264 breviter
855 4210 1057 4266 memoratur
1069 4199 1103 4265 in
1115 4195 1185 4266 Vno

156 4298 300 4391 Lycurgi
320 4318 355 4387 p.
369 4318 424 4384 51.
439 4301 485 4368 D.
521 4301 560 4367 In
577 4296 731 4367 hocloco
748 4298 853 4389 mugla
871 4301 1060 4391 agnoscinu
1076 4296 1182 4368 xeno·

273 4482 444 4553 A
