2700 4928
154 281 231 335 1014
295 275 394 333 D.W.
415 273 621 335 ANlMADV.
642 274 690 334 IN
710 274 943 334 PLUTARCHI
966 274 1040 333 LlB.

198 438 270 520 167.
282 437 326 501 C.
342 435 424 499 Ὅσα
444 440 501 520 γὰρ
522 439 562 518 μὴ
577 435 721 517 ’πεφίληκε
741 438 865 521 Ζσὸς-]
892 434 1022 501 Pindari
1043 431 1135 522 Pyrh.
1148 430 1173 495 l.

155 554 216 622 25:
239 537 365 623 reponit
381 536 569 602 Plutarchus
584 537 667 601 idem
683 560 716 623 p.
728 541 802 622 746.
816 540 855 603 B.
881 552 977 623 1095.
993 540 1032 601 Ε.

199 641 271 724 167.
286 640 327 704 C.
355 644 404 713 τὰς
426 639 530 726 τίγρις]
562 641 640 704 Rem
664 640 757 726 supra
776 642 970 705 notavimus
986 661 1020 724 p.
1038 659 1110 719 144.
1127 637 1170 701 D:

154 741 244 828 τίγρις
267 742 353 807 venit
371 765 411 806 ex
436 743 549 829 Steph.
569 758 667 809 antea
688 743 765 808 Ald.
787 758 820 808 et
842 745 912 808 Bas.
936 743 1047 808 vitiose
1066 741 1171 826 rime

155 857 189 908 at
209 844 346 908 debebat
366 845 468 932 τίγρεις
489 845 566 931 poni
589 868 628 908 ex
654 848 698 910 D.
724 846 800 933 Xyl.
826 844 918 909 Hsrl.
946 844 1076 930 Colleg.
1097 843 1171 906 Nor.

155 943 231 1009 huic
246 945 315 1008 voci
330 947 473 1031 proxime
487 945 647 1009 adduntli
663 946 753 1011 Harl.
767 961 802 1010 et
816 948 860 1010 D.

201 1048 271 1129 167.
289 1046 328 1110 C.
350 1047 1070 1133 Τειρεσίας-Ἀθάμας-Ἀγαόηι-Ὴραιιλεῖ--]
1092 1045 1171 1110 ‘l'lre-

156 1146 229 1210 fiam
251 1168 374 1211 coecum
396 1148 561 1212 novimus:
586 1149 639 1213 sed
662 1172 735 1212 eurn
753 1171 818 1212 non
839 1147 946 1212 vidiffe
969 1147 1052 1213 filios
1066 1147 1172 1211 sumet

157 1245 325 1311 familiares
339 1247 434 1334 idque
448 1249 628 1313 miser-ntum
639 1248 714 1328 effe,
729 1272 793 1313 non
810 1249 933 1313 videtur
946 1271 987 1312 ex
1002 1248 1111 1333 aliquo
1122 1267 1170 1332 pu·

156 1360 210 1411 ctu
223 1347 377 1427 sumtum,
401 1349 453 1414 sed
475 1373 494 1412 a
517 1349 685 1414 Plutarcho
704 1349 750 1414 itu
767 1351 915 1436 pontum,
930 1362 969 1415 ut
981 1372 1060 1415 cum
1075 1347 1171 1412 virleu·

157 1447 239 1512 tium
259 1450 495 1535 furentiumque
514 1450 666 1535 exemplis
684 1464 943 1536 componeretur.
979 1451 1127 1514 Athamas
1140 1469 1172 1512 ex

156 1548 330 1635 deperditis
345 1549 512 1635 Sophoclis
527 1550 589 1614 hoc
609 1550 739 1615 nomine
750 1550 906 1637 inscriptis
919 1551 1087 1637 tragoediis
1097 1563 1170 1615 etex

158 1655 318 1742 Euripidis
341 1657 450 1731 lnone,
472 1655 704 1719 celebrabatur:
727 1658 839 1742 Agave
860 1677 900 1720 ex
920 1653 1083 1740 Euripidis
1100 1655 1170 1721 Bu·

157 1757 243 1821 chis:
263 1756 420 1821 Hercules
434 1778 472 1819 ex
487 1755 626 1843 ejusdem
641 1757 781 1821 Hercule
798 1759 947 1820 Fureute.

203 1860 274 1941 167.
290 1859 336 1923 D.
356 1863 380 1919 οἱ
399 1859 449 1939 μὲν
463 1857 507 1920 οὖν
520 1862 574 1943 οὐχ
592 1858 874 1943 opulus—ripule]
900 1856 944 1920 οὖν
966 1879 1008 1921 ne
1030 1857 1084 1922 cui
1101 1856 1171 1920 forto

158 1981 215 2045 per
227 1980 364 2023 errorem
379 1958 524 2022 additum
539 1959 699 2024 videatur:
721 1959 766 2023 ita
786 1959 917 2023 subinde
936 1961 1075 2045 politum
1091 1979 1170 2045 repc-

157 2060 247 2124 n'tur.
270 2079 471 2146 v.c.p.123.
488 2061 530 2124 A.
548 2062 619 2145 185.
632 2063 670 2124 B.
695 2080 766 2146 194.
780 2058 835 2131 Ar
858 2083 1056 2147 quamquam
1074 2061 1116 2126 ibi
1132 2059 1171 2122 ri·

82 2178 86 2185 “
157 2160 273 2226 tiosurn
290 2160 354 2224 est:
377 2163 452 2244 376.
467 2162 510 2223 A.
533 2179 607 2240 421.
623 2163 661 2224 E.
684 2176 758 2245 734.
775 2161 814 2225 C.
836 2161 911 2247 986.
927 2161 976 2226 C:
1000 2174 1035 2225 et
1052 2160 1171 2244 usurpe-

158 2277 212 2327 tur
229 2285 287 2348 pro
299 2267 358 2348 γὰρ
371 2261 412 2324 ud
424 2261 660 2347 explicandum,
678 2264 771 2347 supra
791 2283 824 2346 p.
838 2278 893 2346 53.
909 2263 947 2325 B.
968 2262 1037 2326 Vrt.
1053 2266 1126 2327 611.
1138 2260 1169 2324 B.

159 2363 311 2451 Porphyr.
326 2364 377 2427 De
392 2363 479 2429 Abss.
498 2363 611 2446 11.·38.
629 2383 662 2447 p.
680 2378 751 2446 172.
790 2365 827 2425 ln
844 2362 1056 2427 collocatione
1070 2363 1170 2434 verbuf

156 2485 229 2532 111111
252 2461 386 2525 turbslle
408 2460 549 2524 librarios
566 2474 676 2547 putem
695 2482 830 2547 eamque
849 2462 894 2525 ita
906 2463 1170 2529 ordinandumzrl

157 2567 206 2650 μὲν
220 2563 262 2628 οὖν
276 2567 331 2649 οὐχ
346 2569 425 2648 ὁρῶσι
439 2561 489 2636 τὲς
503 2564 578 2636 &rods
592 2563 765 2648 τοπαράπαν,
782 2570 805 2626 ri
819 2564 846 2625 δὲ
858 2573 1011 2651 παρορῶσι·
1036 2571 1059 2629 ol
1072 2566 1120 2646 pir
1134 2562 1169 2625 lli

156 2669 287 2755 ὑπάρχω
300 2667 438 2749 νομίζεσι,
452 2671 475 2727 οἱ
488 2665 515 2727 δὲ
528 2665 657 2746 luidgerus
672 2661 780 2750 φοὸεςὸν
799 2666 830 2727 τὸ
849 2667 1008 2745 εὖμειὲς-.
1044 2669 1168 2731 Senten-

157 2773 201 2835 tis
216 2783 417 2855 comparetur
428 2791 501 2830 curn
517 2766 645 2853 gentina
659 2767 710 2828 Dc
724 2765 811 2829 Aud.
828 2767 915 2829 Poet.
932 2787 967 2852 p.
981 2787 1035 2852 34.
1048 2771 1089 2832 A.
1119 2768 1168 2830 Se·

156 2895 245 2940 necae
274 2871 368 2957 Epist.
398 2870 555 2935 CXXlll.
584 2869 637 2932 fin.
667 2864 833 2954 Superstitio
864 2890 944 2930 error
977 2870 1097 2954 instratus
1122 2866 1167 2955 est:

157 2973 298 3034 amandos
312 2972 409 3033 timet:
433 2995 501 3056 quos
516 2969 596 3046 colit,
612 2968 718 3033 violat.
758 2967 841 3052 Quid
853 2967 928 3032 enim
944 2968 1070 3054 interest,
1083 2982 1170 3035 alm

157 3072 222 3135 deus
236 3093 335 3156 neges,
350 3095 390 3133 an
406 3070 561 3156 insama?

202 3173 274 3254 167.
290 3173 332 3234 D.
361 3169 489 3255 ἄμικτοι]
514 3171 641 3250 ἀμήνιτον
661 3168 736 3231 licet
758 3168 911 3232 sententia
936 3168 1012 3248 loci,
1039 3185 1076 3236 ut
1095 3190 1170 3236 nunc

158 3275 212 3349 est,
232 3272 380 3357 requirat,
397 3272 533 3356 recipere
548 3285 652 3333 tamen
673 3292 736 3332 non
753 3271 845 3333 ausus
859 3271 950 3346 su1n;
975 3274 1062 3357 quod
1076 3272 1170 3338 Mezi-
1205 3348 1208 3355 Ι

159 3372 234 3440 riaci
252 3384 291 3436 et
306 3371 429 3447 Reilkit
446 3384 480 3434 et
498 3371 516 3433 fi
534 3368 610 3456 quid
630 3369 666 3432 id
676 3369 729 3448 est,
744 3392 852 3433 meum
868 3393 999 3451 nornen,
1014 3374 1070 3460 qui
1089 3389 1172 3438 untes

158 3473 243 3537 idem
263 3470 473 3555 conjeciss'em,
488 3493 552 3535 non
568 3468 620 3533 nisr
637 3469 828 3556 conjeelurae
847 3470 1069 3538 arreloritutem
1082 3475 1171 3539 habe·

158 3591 217 3641 ret.
252 3575 299 3638 Eo
314 3586 421 3636 tamen
435 3570 559 3636 ducdnt
572 3571 664 3648 libri;
687 3593 762 3635 narn
776 3570 912 3652 ἀμίμητον
927 3571 1007 3637 daut
1021 3575 1097 3640 Ald.
1110 3574 1171 3640 le.

159 3676 237 3762 Xyl.
258 3673 350 3738 Harl.
374 3673 500 3758 Colleg.
521 3675 605 3737 Νον.
627 3675 669 3737 A.
687 3672 726 3735 C.
744 3675 779 3737 E.
794 3674 833 3735 F:
865 3672 1048 3758 Stephanus
1068 3675 1176 3757 ἄμικτον

159 3777 279 3863 recepit
293 3798 331 3840 ex
348 3774 414 3838 Pol.
436 3790 469 3838 et
486 3776 614 3838 Jannot.
630 3796 769 3858 quocum
785 3773 960 3846 consentire
975 3776 1111 3843 videtur.
1136 3779 1176 3843 D.

157 3878 277 3967 quippe
298 3875 392 3963 cujus
409 3875 441 3939 in
464 3874 626 3959 Excerptis
642 3874 685 3938 nil
701 3874 857 3938 varietatis
871 3891 1061 3944 annotatum
1078 3879 1178 3945 videor

158 3985 268 4045 Anon.
284 3996 318 4045 et
331 3979 425 4044 Vulc.
441 3977 578 4058 ιἰμίιητιι,
594 3976 739 4040 vitiosum
755 3977 885 4063 quidem
900 3976 952 4041 sed
966 4001 1005 4043 ex
1021 4004 1096 4047 vero
1108 3982 1181 4066 dpl-

155 4104 226 4155 pror
240 4093 368 4156 ortum;
389 4076 478 4167 quod
492 4091 525 4142 et
538 4075 704 4161 elegantis,
727 4099 784 4141 nec
807 4075 978 4152 Plutarcho
999 4079 1181 4169 infrequen-
