2700 4928
158 302 219 410 ris.
347 340 386 400 ιι.
397 339 448 397 w.
464 293 670 397 auminr.
691 334 740 396 ut
757 331 989 397 rimarem

159 500 320 564 diffcnfiffe
335 499 397 585 ipse
416 498 524 584 prodit
542 500 706 585 Diogenen
725 497 870 562 laertius
892 498 952 562 lv.
966 512 1030 583 32:
1053 496 1138 560 cut?
1152 498 1186 560 ri

159 601 228 686 arrei
241 600 356 663 σνῖιιπνον
370 598 487 684 ἐπέχειν,
502 601 559 662 οὐδὲ
577 598 696 679 pimini,
715 599 786 680 paci
801 624 881 676 τινες,
899 596 1083 684 συνίγςαψιν*
1106 601 1131 660 οΙ
1144 598 1186 674 ii,

159 699 199 763 ὅτι
213 699 338 786 ὅσαςίιθη
351 704 412 762 τινὰ
426 706 576 786 κατορθῶν·
599 699 619 762 ai
631 718 713 782 φασιν
727 705 750 761 ci
762 699 812 781 pir
825 702 943 778 ὶκὸἔνιη,
957 704 981 762 οἱ
994 700 1023 762 δῖ
1034 704 1184 762 κατακαῦ-

159 826 217 881 σοη.
256 802 385 887 Ergo'et
400 801 451 864 hic
465 823 484 864 a
499 800 667 865 Plutarcho
682 800 798 864 citatus
815 799 905 865 locus
918 798 1069 864 Arcesilai
1082 789 1131 864 ναὶ
1145 818 1186 864 cx

159 902 264 987 ipsius,
279 901 327 966 vcl
342 924 381 965 ex
393 902 528 965 aliorum
542 902 582 965 dc
596 901 673 986 ipso,
689 900 788 977 libris,
802 901 924 965 sumtus
937 899 1073 964 videtur.
1104 900 1183 987 Epi-

159 1000 242 1065 stolae
261 999 329 1087 ejus
346 1015 382 1064 et
396 1000 634 1087 Epigrammata
646 1021 665 1064 a
680 1000 806 1064 laertio
819 1014 1056 1064 memorantur:
1080 999 1182 1063 multa

158 1100 228 1188 ejus
241 1102 324 1166 dicia
341 1104 485 1167 feruntur
499 1102 530 1164 in
545 1101 678 1165 aliorum
693 1100 833 1186 scriptisr
856 1113 889 1165 et
903 1122 941 1164 ea
955 1100 1100 1187 quidem,
1111 1122 1182 1187 quae

158 1205 232 1268 sunt
252 1203 284 1267 in
308 1202 489 1280 Plutarcho,
504 1224 589 1266 nunc
604 1222 762 1288 apponere
776 1202 821 1265 nil
834 1202 949 1265 attinet
958 1227 967 1280 3
991 1201 1111 1287 quippo
1125 1201 1183 1266 dc·

159 1303 269 1365 stinata
289 1300 390 1365 Indici
413 1301 604 1364 Auctorum.
638 1302 686 1365 At
707 1298 793 1384 quod
812 1300 845 1363 in
870 1298 979 1364 Indice
1001 1301 1182 1365 Auuomm

160 1401 316 1487 Diogenis
331 1400 446 1464 Luertii
468 1399 585 1463 citatur
604 1398 785 1486 Ἀρκεσίλαος
800 1403 827 1463 ir
845 1400 945 1487 ἶςοςίᾳ,
967 1400 1010 1463 est
1032 1398 1096 1466 hoc
1117 1398 1182 1465 sul·

160 1517 291 1589 ceptum
306 1526 345 1568 ex
367 1524 530 1589 perperam
546 1501 714 1567 intolleoiia
727 1502 829 1567 verbis
840 1504 883 1567 V.
894 1521 934 1584 41
951 1528 960 1565 ι
982 1499 1141 1591 <haimim
1155 1503 1183 1568 ii

160 1623 236 1686 φησι,
258 1606 422 1691 γηράσανια
444 1607 524 1666 αὐτὸν
544 1603 678 1689 ὂνφοροὶῳ
699 1603 896 1691 σοςνφίςιθαη·
923 1605 970 1666 καὶ
990 1612 1071 1668 caira
1093 1605 1183 1690 λἠον

152 1704 322 1793 Ἕρμιππον,
339 1704 561 1789 παρατιθέμενον
579 1709 669 1790 ῖςοροῖν
683 1705 865 1792 Ἀρκεσίλαον
877 1706 924 1768 τὸν
937 1709 1089 1770 Πιταναῖον
1104 1709 1130 1769 ἦν
1146 1707 1183 1781 οἷς

160 1806 262 1887 ἔφασκε
280 1811 353 1896 orgis
375 1806 500 1882 Λακύδην
523 1808 569 1869 τὸν
588 1810 747 1892 Κυρηναῖον.
785 1807 898 1871 Sensus
920 1806 981 1871 est:
1014 1806 1183 1873 Favorini

159 1908 217 1986 air,
233 1906 456 1994 Theophrastum
467 1908 567 1993 siriam
582 1906 611 1968 in
628 1905 728 1968 icciica
742 1904 921 1990 circumferri
931 1904 1075 1990 salitum:
1097 1907 1184 1995 idqm

159 2010 252 2073 dicen
262 2009 467 2097 Hermippum,
480 2007 628 2094 testimonii
642 2006 700 2069 Ioco
714 2007 867 2070 addentem
878 2006 911 2068 id
923 2006 1068 2070 memoria
1079 2008 1183 2097 prodi.

159 2112 231 2198 diffl
245 2110 431 2197 Arcesilaum
452 2110 484 2171 in
502 2108 634 2173 narratis
648 2109 691 2170 ad
711 2108 875 2192 Lacydem:
898 2107 975 2182 ἓνοῙς
989 2106 1092 2191 ἔφασκε
1110 2111 1184 2196 προς

158 2211 295 2287 Λακύδην,
319 2211 350 2272 ira
370 2210 406 2272 iis
425 2210 522 2286 diuis,
545 2230 614 2294 quae
632 2229 758 2269 narrare
768 2206 879 2293 solitus
888 2206 935 2292 fii
951 2206 1087 2292 Lacydi:
1109 2232 1183 2297 quac

162 2310 248 2375 dicia
266 2309 315 2373 vel
336 2309 400 2396 ipse
422 2307 575 2394 Lacydes,
596 2306 649 2370 vel
672 2305 751 2370 alius
774 2307 891 2393 scripto
911 2309 1093 2395 coufignata
1114 2310 1183 2375 edi-

160 2413 236 2478 tlilse
250 2411 383 2477 videtur.
418 2411 492 2474 Alia
506 2422 655 2498 petantur
675 2431 695 2475 a
717 2412 858 2477 Fabricio
872 2411 955 2475 Bibl.
971 2413 1028 2477 Gr.
1043 2413 1119 2480 Vol.
1137 2415 1183 2479 11.

204 2631 276 2676 110.
292 2610 334 2675 A.
356 2608 489 2695 οὗθονίαν]
520 2611 684 2696 Perperam
707 2610 752 2675 ita
774 2612 944 2698 repetitum
964 2634 1005 2676 ex
1025 2615 1084 2678 Gr.
1107 2616 1180 2679 Lat.

162 2715 257 2796 1624.
273 2734 331 2800 pro
344 2709 475 2778 ..iatum
490 2725 528 2775 ut
550 2732 582 2796 p.
601 2712 731 2776 1121).
751 2712 806 2776 ubi
820 2712 945 2777 Schott.
960 2714 1070 2779 Anon.
1084 2716 1125 2779 T.
1137 2716 1181 2780 V.

159 2814 199 2879 B.
217 2828 255 2879 ut
266 2814 330 2878 hoc
345 2812 416 2876 loco
429 2813 467 2875 B.
480 2810 606 2878 Schott.
621 2815 730 2878 Anon.
744 2812 822 2877 dant
835 2813 975 2878 ἁῶένααν.
1006 2816 1035 2878 A
1052 2815 1183 2881 Platone

159 2915 257 2980 duola
274 2936 334 2979 vox
355 2910 478 2991 aiii-raa,
500 2936 563 3000 qua
583 2913 696 2978 Latina
715 2913 825 3000 lingua
845 2926 943 2994 caret,
965 2914 1018 2979 cui
1039 2916 1183 2983 inaudita

160 3017 233 3081 sunt
246 3014 381 3093 mellitas,
396 3014 444 3078 vel
458 3015 601 3078 nihilitas.

203 3134 275 3180 110.
289 3115 333 3179 A.
354 3114 580 3191 ἀποθνήσκουσιν,
594 3115 637 3177 ἵνα
650 3117 687 3196 μὴ
703 3114 873 3201 ἀποθάνωσι]
898 3115 973 3179 Vid.
988 3122 1021 3204 p.
1035 3136 1109 3202 107.
1119 3120 1163 3184 A.

202 3235 275 3281 110.
289 3216 332 3279 A.
362 3215 638 3302 Ἐπίχαρμος-οὐδὲ
663 3215 714 3300 iu]
750 3217 826 3279 Non
849 3217 975 3281 aliunde
999 3221 1181 3306 cognitum,

160 3317 253 3405 plane
269 3316 417 3380 convenit
434 3337 507 3378 cum
531 3315 711 3400 Epicharmi
728 3315 883 3395 docmina,
898 3339 995 3403 quam
1014 3320 1183 3407 attigimus

160 3419 192 3483 in
207 3417 427 3503 Disputatione
440 3416 479 3480 de
496 3414 614 3480 Placito
631 3415 879 3480 immortalitatis
894 3439 927 3502 p.
937 3420 988 3484 26.
1014 3419 1185 3488 simillima

160 3520 294 3586 aliorum
318 3519 392 3583 hinc
413 3517 561 3603 express'a,
577 3516 673 3581 veluti
695 3517 854 3603 Euripidis
876 3519 988 3605 Suppl.
1001 3538 1077 3605 532.
1107 3524 1184 3595 Me·

161 3620 272 3687 nandri
293 3620 379 3706 apud
400 3622 489 3684 Stob.
512 3641 544 3704 p.
560 3620 633 3682 608.
664 3619 779 3684 Cleric.
793 3642 826 3706 p.
843 3622 913 3702 184.
937 3643 1011 3686 cum
1033 3621 1083 3687 his
1104 3624 1184 3711 Epi-

159 3721 315 3788 charmeis
337 3733 561 3805 compararunt
586 3718 789 3784 Casaubonus
810 3720 850 3783 ad
872 3721 970 3808 Diog.
992 3725 1099 3787 laert.
1119 3724 1184 3790 111.

162 3845 213 3889 10.
234 3822 432 3899 ,Gatakerua
455 3820 585 3884 Advers.
602 3821 737 3884 Miscell.
754 3824 797 3885 11.
816 3842 865 3885 10.
889 3844 921 3908 p.
935 3841 1010 3908 327.
1026 3824 1116 3888 etad
1131 3826 1183 3891 M.

159 3922 317 3988 Antonin.
328 3922 404 3987 Vll.
415 3938 469 4004 50.
494 3919 721 3984 Valckenarius
734 3921 868 3986 Diatrib.
886 3922 917 3986 in
930 3923 1038 4010 Eurip.
1054 3927 1183 4015 Frugm.

203 4145 274 4190 110.
287 4127 330 4190 A.
352 4122 641 4212 Κρεσφόντης-παραὶ
654 4127 694 4206 τῷ
716 4120 900 4209 Εὗςιπῖδη-]
927 4126 998 4188 Hac
1013 4146 1077 4188 una
1092 4127 1185 4192 Plut-

156 4227 245 4312 prchi
259 4228 421 4293 mentione
434 4224 598 4305 servatum,
614 4224 688 4288 binc
703 4224 736 4290 in
761 4227 906 4312 chcrpt.
921 4227 1100 4314 Tragoedia
1114 4231 1185 4296 Eu·

533 4584 687 4646 A
699 4640 702 4643 .
