2700 4928
247 348 451 409 1110111111.
465 348 677 428 mcomcs
703 349 913 427 anso-s.
1024 349 1100 410 nos
1221 380 1225 384 -

108 509 187 577 218.
203 510 245 576 C.
268 511 324 597 γ’.]
354 511 513 578 Disertius
535 513 598 578 hoc
621 512 744 578 dietum
767 512 903 578 refertur
923 534 957 601 p.
974 530 1047 598 223.
1063 515 1099 578 P.

64 613 101 678 in
125 613 311 679 Cleomenis
336 613 377 678 ιε’.
400 615 510 679 omissa
527 614 644 703 frigida
668 615 722 680 isla
743 613 921 702 explicandi
944 613 1100 701 appendi-

63 715 162 780 cula:
184 717 238 790 Ὡς
253 717 324 779 addis
338 715 531 803 διαφέρον-κ.
544 743 575 780 τ.
590 731 622 782 λ.
732 711 735 714 ’

111 816 187 882 118.
202 817 247 881 Ι).
270 815 318 901 1.]
345 817 520 882 Geminum
541 830 574 882 11
589 816 713 881 fortasse
728 816 896 882 confusum
910 815 1101 882 111111111ἰᾶ0

66 918 194 1005 Gorgias
206 917 247 999 β’.
263 939 297 1005 p.
313 938 387 1001 240.
403 919 447 984 D.
471 919 620 984 Erasmus
634 923 672 983 roi
685 921 792 1005 ἄιδρὸα
806 917 911 984 reddit
924 943 993 1006 quae
1001 917 1102 1004 fortes

64 1020 161 1099 dccet,
176 1033 210 1084 et
222 1020 255 1083 in
271 1020 417 1085 eamdem
432 1021 621 1086 sententiam
642 1020 750 1086 caeteri
771 1043 883 1086 omnes
901 1021 1102 1109 interpretes.

66 1120 286 1208 Intelligenda
307 1122 459 1203 convivia,
476 1122 637 1208 sodalitia,
660 1121 806 1204 russina,
831 1146 904 1210 quae
926 1122 1104 1209 antiquitus

66 1223 156 1311 apud
171 1225 357 1310 Spartanos,
369 1237 407 1288 ut
420 1224 506 1311 apud
521 1224 700 1305 Cretenses,
715 1225 864 1312 aquibus
877 1224 965 1290 huno
979 1247 1102 1290 morem

66 1326 254 1406 sumserunt,
277 1328 383 1413 ἀνδρεῖα
404 1326 603 1391 dicebantur.
640 1325 782 1391 Subinde
796 1327 915 1414 legitur
928 1326 961 1391 in
977 1327 1100 1392 Plutar-

66 1426 136 1492 cho
147 1449 177 1491 v.
191 1448 221 1491 c.
257 1427 409 1514 Lycurgo
423 1449 455 1514 p.
466 1429 522 1509 46.
537 1428 575 1491 B.
597 1441 652 1513 52.
662 1427 701 1491 Β.
728 1429 875 1513 Sympos.
888 1427 966 1493 VII.
981 1450 1014 1515 p.
1027 1445 1102 1512 714.

67 1529 110 1593 B.
145 1528 285 1594 Pertinet
304 1528 370 1593 huc
394 1527 576 1592 Aristoteles
599 1526 723 1593 Politia.
743 1529 789 1591 lI.
807 1548 859 1592 1ο.
877 1540 985 1615 [1511
1009 1531 1057 1593 καὶ
1069 1529 1106 1595 τό

68 1656 107 1717 γι
123 1632 241 1715 ἀρχαῖον
256 1629 357 1694 isaim
369 1634 393 1692 01
406 1629 535 1705 Λάκωνες
547 1633 577 1692 οὐ
591 1628 705 1692 ‘baisam
718 1631 785 1693 ἀλλ’
794 1626 922 1718 Ἀνδςια,
938 1629 1067 1718 καθάπερ
1080 1635 1104 1695 01

69 1737 190 1820 Κςῆτις·
213 1729 289 1819 ἦκα)
303 1734 382 1809 δῆλον
396 1730 437 1794 ὅτι
453 1735 552 1795 insides
567 1733 709 1810 ἐλήλυθεν.
733 1730 950 1796 conferantur
965 1731 1104 1818 Cmglus

70 1832 154 1916 Rep.
171 1829 289 1894 Laced.
305 1831 334 1894 l.
349 1852 382 1915 9.
405 1851 439 1915 p.
454 1846 509 1913 57.
544 1828 701 1895 Meurfius
724 1827 861 1894 Miscell.
884 1829 1004 1894 Lacon.
1026 1830 1054 1894 I.
1069 1851 1103 1916 9.

71 1954 94 2021 p
118 2034 193 2100 218.
209 2033 254 2098 Ι).
277 2030 324 2118 L]
348 2032 512 2097 Tribuitur
526 2030 690 2119 Lysandro
705 2053 738 2118 p.
753 2051 825 2118 190.
840 2035 879 2097 E.
895 2045 930 2097 11
944 2050 1018 2120 219.
1033 2034 1078 2098 D.

117 2138 188 2203 218.
204 2137 242 2201 Ε.
266 2135 324 2218 ζ’.]
348 2136 513 2221 Perperam
532 2134 597 2198 huc
612 2132 772 2199 invedum
791 2156 830 2198 ex
843 2134 996 2222 Lysandri
1010 2135 1103 2222 Apo·

71 2237 353 2327 phthegmatibus,
369 2237 425 2301 ubi
440 2235 619 2300 notavimus
633 2258 666 2323 p.
683 2255 755 2322 190.
769 2237 814 2302 D.

119 2342 193 2405 218.
208 2343 247 2404 E.
270 2338 320 2426 212]
347 2339 468 2405 Retulit
489 2362 528 2403 ex
551 2338 721 2404 Plutarcho
742 2340 889 2404 Stobaeus
907 2338 1015 2406 Iloril.
1029 2341 1104 2408 Lll.

72 2465 108 2532 p.
123 2463 143 2529 3
144 2462 208 2529 59:
230 2441 403 2528 Ἀρχίδαμος
422 2446 435 2503 1
458 2449 512 2504 τῶν
533 2439 754 2523 Λακεδαιμονίων
773 2442 918 2521 pastus,
935 2441 1107 2525 θεασάμενος

71 2549 122 2611 τὸν
142 2544 206 2609 ilios
223 2549 316 2609 παῖδα
336 2542 413 2628 ἄγαν
433 2552 579 2630 προπετῶς
596 2544 756 2630 μαχόμενον
769 2549 824 2620 τοῖς
837 2543 1002 2625 Ἀθηιαῖοις,
1023 2544 1105 2627 alm,

68 2649 116 2714 Ἢ
128 2653 162 2734 τῇ
176 2649 284 2730 δυνάμει
299 2647 425 2735 πρόθες,
443 2646 458 2723 ἢ
477 2654 525 2710 τοῦ
539 2646 649 2735 &giras
669 2643 766 2730 ἄφελε.
805 2647 1015 2733 Reposulmus
1029 2647 1107 2712 hino

75 2750 108 2815 in
130 2749 331 2838 Fragmentis
354 2746 501 2833 Epistola
520 2748 571 2812 De
585 2746 741 2812 Amicitia
753 2748 881 2812 XVIII.
899 2769 930 2834 9.
945 2748 1020 2834 quia
1033 2747 1108 2814 inde

74 2863 246 2936 excerptus
259 2849 320 2913 esse
334 2846 452 2934 potuit.
490 2846 600 2912 Simile
612 2844 734 2910 didum
750 2844 820 2910 vide
834 2867 866 2932 p.
881 2864 955 2931 232.
968 2847 1006 2910 Ε.
1021 2843 1063 2926 β’.

119 2954 194 3038 289.
208 2954 246 3015 Ε.
276 2952 524 3013 ΑΡΧΙΔΑΜΟῬ
546 2952 630 3012 ΤΟΥ
654 2945 925 3033 ammaon]
963 2947 1016 3014 De
1043 2949 1108 3016 hoc

75 3053 262 3120 monuimus
278 3075 311 3139 p.
330 3071 401 3139 190.
418 3052 461 3115 A.
729 3123 735 3136 ,
1047 3062 1049 3066 “

120 3158 194 3221 218.
208 3156 247 3219 Ε.
269 3154 323 3238 1.]
349 3152 496 3240 Responli
519 3173 655 3217 acumen
671 3151 713 3216 est
734 3148 769 3216 in
788 3150 923 3216 umbram
934 3154 1028 3241 suam
1046 3177 1109 3218 m·

76 3258 152 3323 tiri:
175 3256 262 3344 quod
278 3256 412 3321 dudum
428 3255 524 3320 estex
539 3254 663 3320 duabus
677 3253 833 3341 proverbii
847 3253 940 3322 instar
952 3255 1110 3344 usurpatis

76 3359 292 3425 11611οηὶ1111
316 3357 414 3422 altera
428 3357 526 3420 metiri
537 3359 574 3445 se
584 3358 643 3444 suo
661 3356 787 3437 modulo,
808 3355 893 3422 unde
906 3355 1003 3444 hujus
1016 3358 1108 3444 Apo-

78 3460 301 3548 phthegmatis
316 3459 506 3523 sententiam
526 3459 647 3544 aperire
663 3458 779 3524 studuit
798 3460 838 3525 L.
854 3460 917 3524 Bos
931 3458 964 3523 in
980 3459 1109 3525 Exerci-

77 3577 137 3628 tat.
155 3562 187 3626 in
203 3563 247 3625 N.
259 3563 298 3626 T.
314 3582 347 3647 p.
363 3580 444 3646 1131
461 3559 571 3638 altera,
586 3559 701 3623 umbra
714 3559 879 3638 inanitate,
892 3582 965 3646 quse
977 3557 1018 3624 ad
1031 3558 1109 3627 levi·

78 3677 182 3730 tatem
197 3678 230 3728 et
245 3661 450 3749 fragilitatem
472 3660 583 3748 gloriae
602 3673 635 3726 et
653 3660 814 3727 felicitatis
828 3662 977 3727 bumana
993 3661 1111 3749 fignifi-

78 3767 216 3834 csndam
238 3764 382 3830 adbiberi
404 3763 494 3843 solet,
510 3776 548 3827 ut
562 3764 646 3828 reste
661 3764 723 3829 hoc
745 3763 867 3828 1111111111
888 3763 1011 3851 accepit
1026 3763 1111 3831 Coel.

79 3868 284 3957 Rhodiginus
297 3867 337 3931 ad
355 3866 474 3931 Erasmi
490 3864 598 3952 Adag.
616 3887 647 3952 p.
666 3885 760 3952 1313.
782 3876 816 3929 et
834 3887 892 3930 nos
911 3865 1058 3952 quaedam
1071 3866 1112 3934 da

79 3969 144 4035 hoc
159 3970 219 4035 usu
234 3968 425 4034 notavimus.

125 4072 200 4138 218.
216 4074 251 4136 F.
273 4070 329 4156 8.]
356 4067 649 4134 Animadvertimus
665 4088 698 4153 p.
715 4086 788 4135 210.
804 4070 842 4131 Ε.
862 4067 1000 4155 Agesilai
1015 4069 1069 4148 κη’.

125 4174 200 4241 218.
218 4175 253 4237 F.
275 4172 333 4257 γ’.]
359 4170 468 4258 Hujus
487 4169 659 4235 mentionis
673 4167 863 4233 austeritate
879 4169 1046 4236 Periander
1059 4171 1114 4238 hic

83 4275 116 4341 111
131 4274 264 4341 medicis
282 4288 468 4340 numeratur
490 4272 576 4359 apud
599 4269 1063 4340 sabriciumssibl.cr.x111.
1078 4296 1115 4364 p.
