<?xml version="1.0" encoding="UTF-8"?>
<!DOCTYPE html PUBLIC "-//W3C//DTD XHTML 1.0 Transitional//EN"
    "http://www.w3.org/TR/xhtml1/DTD/xhtml1-transitional.dtd">
<html xmlns="http://www.w3.org/1999/xhtml" xml:lang="en" lang="en">
 <head>
  <title>
</title>
<meta http-equiv="Content-Type" content="text/html;charset=utf-8" />
  <meta name='ocr-system' content='tesseract 3.04.00' />
  <meta name='ocr-capabilities' content='ocr_page ocr_carea ocr_par ocr_line ocrx_word'/>
</head>
<body>
  <div class='ocr_page' id='page_1' title='image "./plutarchichaero28plutgoog_0391.png"; bbox 0 0 2700 4928; ppageno 0'>
   <div class='ocr_carea' id='block_1_1' title="bbox 194 332 1148 452">
    <p class='ocr_par' dir='ltr' id='par_1_1' title="bbox 194 332 1148 452">
     <span class='ocr_line' id='line_1_1' title="bbox 194 332 1148 452; baseline 0.007 -23"><span class='ocrx_word' id='word_1_1' title='bbox 194 332 371 433; x_wconf 50' lang='lat' dir='ltr'>‚sarim</span> <span class='ocrx_word' id='word_1_2' title='bbox 386 374 1037 452; x_wconf 72' lang='lat' dir='ltr'>sarnus.convrv.p.1ao.s-1n.s.</span> <span class='ocrx_word' id='word_1_3' title='bbox 1089 384 1148 449; x_wconf 71' lang='grc' dir='ltr'>ρει</span> 
     </span>
    </p>
   </div>
   <div class='ocr_carea' id='block_1_2' title="bbox 122 530 1259 4355">
    <p class='ocr_par' dir='ltr' id='par_1_2' title="bbox 122 530 1167 1223">
     <span class='ocr_line' id='line_1_2' title="bbox 122 530 1147 602; baseline 0.006 -6"><span class='ocrx_word' id='word_1_4' title='bbox 122 530 182 596; x_wconf 74' lang='lat' dir='ltr'>noc</span> <span class='ocrx_word' id='word_1_5' title='bbox 202 533 359 598; x_wconf 83' lang='lat' dir='ltr'><strong>vocabulo</strong></span> <span class='ocrx_word' id='word_1_6' title='bbox 380 550 526 600; x_wconf 88' lang='lat' dir='ltr'><strong>notatum</strong></span> <span class='ocrx_word' id='word_1_7' title='bbox 549 537 656 600; x_wconf 84' lang='lat' dir='ltr'>exstat.</span> <span class='ocrx_word' id='word_1_8' title='bbox 692 538 734 600; x_wconf 92' lang='lat' dir='ltr'>Et</span> <span class='ocrx_word' id='word_1_9' title='bbox 755 559 828 601; x_wconf 88' lang='lat' dir='ltr'>vero</span> <span class='ocrx_word' id='word_1_10' title='bbox 849 536 881 600; x_wconf 91' lang='lat' dir='ltr'>id</span> <span class='ocrx_word' id='word_1_11' title='bbox 902 559 1013 601; x_wconf 87' lang='lat' dir='ltr'><strong>omnes</strong></span> <span class='ocrx_word' id='word_1_12' title='bbox 1027 537 1147 602; x_wconf 86' lang='lat' dir='ltr'>habent</span> 
     </span>
     <span class='ocr_line' id='line_1_3' title="bbox 122 628 1146 723; baseline 0.012 -33"><span class='ocrx_word' id='word_1_13' title='bbox 122 628 209 695; x_wconf 84' lang='lat' dir='ltr'>libri:</span> <span class='ocrx_word' id='word_1_14' title='bbox 239 647 275 696; x_wconf 88' lang='lat' dir='ltr'>et</span> <span class='ocrx_word' id='word_1_15' title='bbox 296 634 497 700; x_wconf 86' lang='lat' dir='ltr'>retinendum</span> <span class='ocrx_word' id='word_1_16' title='bbox 521 659 560 701; x_wconf 87' lang='lat' dir='ltr'>ea</span> <span class='ocrx_word' id='word_1_17' title='bbox 583 636 714 715; x_wconf 86' lang='lat' dir='ltr'>ratione,</span> <span class='ocrx_word' id='word_1_18' title='bbox 740 659 835 723; x_wconf 91' lang='lat' dir='ltr'>quam</span> <span class='ocrx_word' id='word_1_19' title='bbox 862 636 893 700; x_wconf 92' lang='lat' dir='ltr'>in</span> <span class='ocrx_word' id='word_1_20' title='bbox 914 637 1146 702; x_wconf 82' lang='lat' dir='ltr'>Enrendatione</span> 
     </span>
     <span class='ocr_line' id='line_1_4' title="bbox 122 730 1167 826; baseline 0.008 -32"><span class='ocrx_word' id='word_1_21' title='bbox 122 730 262 816; x_wconf 72' lang='lat' dir='ltr'>exposui.</span> <span class='ocrx_word' id='word_1_22' title='bbox 298 735 388 800; x_wconf 82' lang='lat' dir='ltr'>Dixit</span> <span class='ocrx_word' id='word_1_23' title='bbox 411 736 550 801; x_wconf 77' lang='lat' dir='ltr'>similiter</span> <span class='ocrx_word' id='word_1_24' title='bbox 570 736 758 801; x_wconf 82' lang='lat' dir='ltr'>Plutarchus</span> <span class='ocrx_word' id='word_1_25' title='bbox 779 738 831 802; x_wconf 86' lang='lat' dir='ltr'>De</span> <span class='ocrx_word' id='word_1_26' title='bbox 851 737 971 826; x_wconf 80' lang='lat' dir='ltr'>Pythiae</span> <span class='ocrx_word' id='word_1_27' title='bbox 994 739 1088 803; x_wconf 86' lang='lat' dir='ltr'>Orac.</span> <span class='ocrx_word' id='word_1_28' title='bbox 1113 759 1167 823; x_wconf 46' lang='lat' dir='ltr'>p„</span> 
     </span>
     <span class='ocr_line' id='line_1_5' title="bbox 122 834 1145 927; baseline 0.007 -32"><span class='ocrx_word' id='word_1_29' title='bbox 122 835 194 917; x_wconf 80' lang='grc'><strong>396.</strong></span> <span class='ocrx_word' id='word_1_30' title='bbox 209 834 264 898; x_wconf 84' lang='lat' dir='ltr'>D:</span> <span class='ocrx_word' id='word_1_31' title='bbox 288 837 333 927; x_wconf 68' lang='lat' dir='ltr'>riv</span> <span class='ocrx_word' id='word_1_32' title='bbox 355 836 483 900; x_wconf 72' lang='grc' dir='ltr'><strong><em>Ἡσίοδον</em></strong></span> <span class='ocrx_word' id='word_1_33' title='bbox 506 839 610 924; x_wconf 74' lang='grc' dir='ltr'><strong><em>οὐηάᾳ</em></strong></span> <span class='ocrx_word' id='word_1_34' title='bbox 633 839 679 901; x_wconf 73' lang='lat' dir='ltr'>nal</span> <span class='ocrx_word' id='word_1_35' title='bbox 704 840 749 901; x_wconf 79' lang='grc' dir='ltr'>τὸν</span> <span class='ocrx_word' id='word_1_36' title='bbox 766 837 892 926; x_wconf 66' lang='grc' dir='ltr'><strong><em>’Όμηρον</em></strong></span> <span class='ocrx_word' id='word_1_37' title='bbox 914 838 1145 924; x_wconf 69' lang='grc' dir='ltr'><strong><em>ὑπερφθέγίεθυς.</em></strong></span> 
     </span>
     <span class='ocr_line' id='line_1_6' title="bbox 122 933 1146 1026; baseline 0.005 -28"><span class='ocrx_word' id='word_1_38' title='bbox 122 933 244 998; x_wconf 81' lang='lat' dir='ltr'>Referri</span> <span class='ocrx_word' id='word_1_39' title='bbox 261 935 324 1010; x_wconf 77' lang='grc' dir='ltr'><strong><em>τοὺς</em></strong></span> <span class='ocrx_word' id='word_1_40' title='bbox 342 935 413 1012; x_wconf 77' lang='grc' dir='ltr'><strong><em>νίους</em></strong></span> <span class='ocrx_word' id='word_1_41' title='bbox 430 938 538 1012; x_wconf 75' lang='grc' dir='ltr'>τούτους</span> <span class='ocrx_word' id='word_1_42' title='bbox 552 936 720 1022; x_wconf 71' lang='grc' dir='ltr'><strong><em>δοθυρᾶμὸυς</em></strong></span> <span class='ocrx_word' id='word_1_43' title='bbox 742 936 782 1001; x_wconf 89' lang='lat' dir='ltr'>ad</span> <span class='ocrx_word' id='word_1_44' title='bbox 801 937 1014 1003; x_wconf 78' lang='lat' dir='ltr'><strong>inventionem</strong></span> <span class='ocrx_word' id='word_1_45' title='bbox 1035 939 1146 1026; x_wconf 84' lang='lat' dir='ltr'>dithy-</span> 
     </span>
     <span class='ocr_line' id='line_1_7' title="bbox 122 1035 1145 1124; baseline 0.006 -26"><span class='ocrx_word' id='word_1_46' title='bbox 122 1035 317 1115; x_wconf 83' lang='lat' dir='ltr'>ramborum,</span> <span class='ocrx_word' id='word_1_47' title='bbox 332 1058 404 1122; x_wconf 82' lang='lat' dir='ltr'>quae</span> <span class='ocrx_word' id='word_1_48' title='bbox 424 1037 536 1102; x_wconf 86' lang='lat' dir='ltr'>Arioni</span> <span class='ocrx_word' id='word_1_49' title='bbox 556 1039 705 1103; x_wconf 85' lang='lat' dir='ltr'>tribuitur</span> <span class='ocrx_word' id='word_1_50' title='bbox 721 1038 888 1103; x_wconf 86' lang='lat' dir='ltr'>Herodoto</span> <span class='ocrx_word' id='word_1_51' title='bbox 906 1039 1035 1104; x_wconf 72' lang='lat' dir='ltr'>auslore</span> <span class='ocrx_word' id='word_1_52' title='bbox 1050 1042 1077 1103; x_wconf 95' lang='lat' dir='ltr'>l.</span> <span class='ocrx_word' id='word_1_53' title='bbox 1093 1059 1145 1124; x_wconf 88' lang='grc'><strong>23.</strong></span> 
     </span>
     <span class='ocr_line' id='line_1_8' title="bbox 122 1134 439 1223; baseline 0.016 -25"><span class='ocrx_word' id='word_1_54' title='bbox 122 1134 285 1200; x_wconf 79' lang='lat' dir='ltr'>manifesto</span> <span class='ocrx_word' id='word_1_55' title='bbox 299 1152 439 1223; x_wconf 74' lang='lat' dir='ltr'>apparet.</span> 
     </span>
    </p>

    <p class='ocr_par' dir='ltr' id='par_1_3' title="bbox 163 1237 1259 1325">
     <span class='ocr_line' id='line_1_9' title="bbox 163 1237 1259 1325; baseline 0.008 -27"><span class='ocrx_word' id='word_1_56' title='bbox 163 1237 238 1300; x_wconf 88' lang='lat'>160.</span> <span class='ocrx_word' id='word_1_57' title='bbox 254 1237 293 1301; x_wconf 84' lang='lat' dir='ltr'>E.</span> <span class='ocrx_word' id='word_1_58' title='bbox 315 1239 489 1325; x_wconf 58' lang='lat' dir='ltr'>tamisae]</span> <span class='ocrx_word' id='word_1_59' title='bbox 511 1239 715 1325; x_wconf 69' lang='lat' dir='ltr'>pervigilium.</span> <span class='ocrx_word' id='word_1_60' title='bbox 735 1237 811 1303; x_wconf 85' lang='lat' dir='ltr'><strong>Vid.</strong></span> <span class='ocrx_word' id='word_1_61' title='bbox 827 1259 860 1324; x_wconf 87' lang='lat' dir='ltr'>p.</span> <span class='ocrx_word' id='word_1_62' title='bbox 871 1255 923 1324; x_wconf 83' lang='lat'>77·</span> <span class='ocrx_word' id='word_1_63' title='bbox 937 1243 976 1306; x_wconf 82' lang='grc' dir='ltr'><strong>Ε.</strong></span> <span class='ocrx_word' id='word_1_64' title='bbox 1254 1314 1259 1322; x_wconf 52' lang='grc'><em>,</em></span> 
     </span>
    </p>

    <p class='ocr_par' dir='ltr' id='par_1_4' title="bbox 122 1339 1143 1526">
     <span class='ocr_line' id='line_1_10' title="bbox 162 1339 1143 1427; baseline 0.009 -26"><span class='ocrx_word' id='word_1_65' title='bbox 162 1341 237 1403; x_wconf 83' lang='grc'><strong>160.</strong></span> <span class='ocrx_word' id='word_1_66' title='bbox 254 1339 295 1402; x_wconf 86' lang='grc' dir='ltr'><strong>Ε.</strong></span> <span class='ocrx_word' id='word_1_67' title='bbox 315 1342 380 1426; x_wconf 67' lang='lat' dir='ltr'>epig</span> <span class='ocrx_word' id='word_1_68' title='bbox 399 1344 445 1403; x_wconf 75' lang='lat' dir='ltr'>ris</span> <span class='ocrx_word' id='word_1_69' title='bbox 463 1342 604 1427; x_wconf 70' lang='grc' dir='ltr'><strong><em>αἰγιαλὸν]</em></strong></span> <span class='ocrx_word' id='word_1_70' title='bbox 629 1344 714 1426; x_wconf 72' lang='grc' dir='ltr'>παρὰ</span> <span class='ocrx_word' id='word_1_71' title='bbox 732 1365 761 1403; x_wconf 88' lang='grc' dir='ltr'>τ.</span> <span class='ocrx_word' id='word_1_72' title='bbox 781 1367 811 1404; x_wconf 78' lang='lat' dir='ltr'>a.</span> <span class='ocrx_word' id='word_1_73' title='bbox 832 1341 924 1406; x_wconf 79' lang='lat' dir='ltr'>Harl.</span> <span class='ocrx_word' id='word_1_74' title='bbox 944 1362 973 1406; x_wconf 88' lang='lat'>1.</span> <span class='ocrx_word' id='word_1_75' title='bbox 992 1345 1032 1407; x_wconf 88' lang='grc' dir='ltr'>Τ.</span> <span class='ocrx_word' id='word_1_76' title='bbox 1047 1345 1089 1409; x_wconf 85' lang='lat' dir='ltr'>V·</span> <span class='ocrx_word' id='word_1_77' title='bbox 1105 1343 1143 1410; x_wconf 85' lang='grc' dir='ltr'><strong>Β.</strong></span> 
     </span>
     <span class='ocr_line' id='line_1_11' title="bbox 122 1437 472 1526; baseline 0.003 -23"><span class='ocrx_word' id='word_1_78' title='bbox 122 1437 229 1506; x_wconf 73' lang='lat' dir='ltr'><strong>Aaou.</strong></span> <span class='ocrx_word' id='word_1_79' title='bbox 260 1441 319 1526; x_wconf 68' lang='lat' dir='ltr'>rupi</span> <span class='ocrx_word' id='word_1_80' title='bbox 336 1440 428 1510; x_wconf 53' lang='lat' dir='ltr'>Harl..</span> <span class='ocrx_word' id='word_1_81' title='bbox 441 1461 472 1507; x_wconf 83' lang='lat'>2.</span> 
     </span>
    </p>

    <p class='ocr_par' dir='ltr' id='par_1_5' title="bbox 122 1539 1225 2530">
     <span class='ocr_line' id='line_1_12' title="bbox 162 1539 1144 1628; baseline 0.006 -26"><span class='ocrx_word' id='word_1_82' title='bbox 162 1540 237 1602; x_wconf 85' lang='lat'>160.</span> <span class='ocrx_word' id='word_1_83' title='bbox 254 1541 289 1603; x_wconf 85' lang='lat' dir='ltr'>F.</span> <span class='ocrx_word' id='word_1_84' title='bbox 311 1540 497 1626; x_wconf 70' lang='grc' dir='ltr'><strong><em>σςοσίμολλν]</em></strong></span> <span class='ocrx_word' id='word_1_85' title='bbox 530 1541 622 1605; x_wconf 80' lang='lat' dir='ltr'>Harl.</span> <span class='ocrx_word' id='word_1_86' title='bbox 638 1560 669 1605; x_wconf 86' lang='grc'><strong>2.</strong></span> <span class='ocrx_word' id='word_1_87' title='bbox 687 1539 862 1626; x_wconf 61' lang='lat' dir='ltr'>spaniscos:</span> <span class='ocrx_word' id='word_1_88' title='bbox 891 1542 1038 1628; x_wconf 80' lang='lat' dir='ltr'><strong>Exempl.</strong></span> <span class='ocrx_word' id='word_1_89' title='bbox 1058 1545 1144 1608; x_wconf 85' lang='lat' dir='ltr'>Tur·</span> 
     </span>
     <span class='ocr_line' id='line_1_13' title="bbox 122 1638 1146 1730; baseline 0.003 -25"><span class='ocrx_word' id='word_1_90' title='bbox 122 1638 194 1705; x_wconf 84' lang='lat' dir='ltr'>neb.</span> <span class='ocrx_word' id='word_1_91' title='bbox 216 1638 404 1726; x_wconf 68' lang='grc' dir='ltr'>τροσίὲαλλε.</span> <span class='ocrx_word' id='word_1_92' title='bbox 446 1643 581 1707; x_wconf 82' lang='lat' dir='ltr'>Casaub.</span> <span class='ocrx_word' id='word_1_93' title='bbox 607 1643 648 1707; x_wconf 87' lang='lat' dir='ltr'>ad</span> <span class='ocrx_word' id='word_1_94' title='bbox 676 1643 775 1707; x_wconf 76' lang='lat' dir='ltr'><strong>Dion.</strong></span> <span class='ocrx_word' id='word_1_95' title='bbox 802 1641 916 1727; x_wconf 84' lang='lat' dir='ltr'><strong>Chrys.</strong></span> <span class='ocrx_word' id='word_1_96' title='bbox 942 1664 975 1728; x_wconf 89' lang='lat' dir='ltr'>p.</span> <span class='ocrx_word' id='word_1_97' title='bbox 997 1661 1052 1727; x_wconf 84' lang='lat'>33.</span> <span class='ocrx_word' id='word_1_98' title='bbox 1075 1641 1146 1730; x_wconf 86' lang='lat' dir='ltr'>jam</span> 
     </span>
     <span class='ocr_line' id='line_1_14' title="bbox 122 1739 1145 1827; baseline 0.005 -25"><span class='ocrx_word' id='word_1_99' title='bbox 122 1755 301 1804; x_wconf 78' lang='lat' dir='ltr'>correxerat</span> <span class='ocrx_word' id='word_1_100' title='bbox 314 1739 478 1826; x_wconf 71' lang='grc' dir='ltr'><strong><em>προσέαλεῖν</em></strong></span> <span class='ocrx_word' id='word_1_101' title='bbox 493 1742 603 1823; x_wconf 76' lang='grc' dir='ltr'>ἔμελλε,</span> <span class='ocrx_word' id='word_1_102' title='bbox 620 1742 734 1807; x_wconf 88' lang='lat' dir='ltr'><strong>Dionis</strong></span> <span class='ocrx_word' id='word_1_103' title='bbox 754 1756 860 1805; x_wconf 87' lang='lat' dir='ltr'>tamen</span> <span class='ocrx_word' id='word_1_104' title='bbox 875 1742 969 1805; x_wconf 85' lang='lat' dir='ltr'>verba</span> <span class='ocrx_word' id='word_1_105' title='bbox 981 1744 1145 1827; x_wconf 77' lang='lat' dir='ltr'>perperam‘</span> 
     </span>
     <span class='ocr_line' id='line_1_15' title="bbox 122 1840 1144 1931; baseline 0.003 -27"><span class='ocrx_word' id='word_1_106' title='bbox 122 1861 283 1926; x_wconf 76' lang='lat' dir='ltr'>sxponens</span> <span class='ocrx_word' id='word_1_107' title='bbox 306 1843 374 1907; x_wconf 87' lang='lat' dir='ltr'>haec</span> <span class='ocrx_word' id='word_1_108' title='bbox 397 1845 452 1909; x_wconf 92' lang='lat' dir='ltr'>Or.</span> <span class='ocrx_word' id='word_1_109' title='bbox 469 1845 545 1908; x_wconf 90' lang='lat' dir='ltr'>XX.</span> <span class='ocrx_word' id='word_1_110' title='bbox 565 1866 597 1931; x_wconf 91' lang='lat' dir='ltr'>p.</span> <span class='ocrx_word' id='word_1_111' title='bbox 610 1846 683 1910; x_wconf 87' lang='lat'><strong>260.</strong></span> <span class='ocrx_word' id='word_1_112' title='bbox 695 1843 744 1908; x_wconf 83' lang='lat' dir='ltr'>C:</span> <span class='ocrx_word' id='word_1_113' title='bbox 767 1842 828 1919; x_wconf 70' lang='grc' dir='ltr'>ἧκον</span> <span class='ocrx_word' id='word_1_114' title='bbox 842 1840 959 1929; x_wconf 10' lang='grc' dir='ltr'><strong><em>ὄέἅρνςος</em></strong></span> <span class='ocrx_word' id='word_1_115' title='bbox 972 1852 1025 1907; x_wconf 80' lang='grc' dir='ltr'>τῶν</span> <span class='ocrx_word' id='word_1_116' title='bbox 1042 1850 1084 1907; x_wconf 78' lang='grc' dir='ltr'>νῦν</span> <span class='ocrx_word' id='word_1_117' title='bbox 1098 1870 1144 1907; x_wconf 81' lang='grc' dir='ltr'>κν·</span> 
     </span>
     <span class='ocr_line' id='line_1_16' title="bbox 122 1944 1144 2033; baseline 0.003 -28"><span class='ocrx_word' id='word_1_118' title='bbox 122 1944 261 2029; x_wconf 65' lang='grc' dir='ltr'>θηςφδῶν,</span> <span class='ocrx_word' id='word_1_119' title='bbox 285 1947 320 2018; x_wconf 76' lang='grc' dir='ltr'>ὥς</span> <span class='ocrx_word' id='word_1_120' title='bbox 341 1948 362 2008; x_wconf 78' lang='grc' dir='ltr'>δ’</span> <span class='ocrx_word' id='word_1_121' title='bbox 384 1945 446 2008; x_wconf 74' lang='grc' dir='ltr'><strong><em>ἔνιοί</em></strong></span> <span class='ocrx_word' id='word_1_122' title='bbox 470 1965 563 2026; x_wconf 76' lang='grc' dir='ltr'><strong><em>φασιν,</em></strong></span> <span class='ocrx_word' id='word_1_123' title='bbox 585 1948 641 2010; x_wconf 67' lang='lat' dir='ltr'>osli</span> <span class='ocrx_word' id='word_1_124' title='bbox 663 1954 717 2009; x_wconf 81' lang='grc' dir='ltr'>τῶν</span> <span class='ocrx_word' id='word_1_125' title='bbox 737 1945 849 2033; x_wconf 69' lang='grc' dir='ltr'><strong><em>τςῶτοον</em></strong></span> <span class='ocrx_word' id='word_1_126' title='bbox 873 1946 971 2019; x_wconf 77' lang='grc' dir='ltr'><strong><em>οὐδενὸς</em></strong></span> <span class='ocrx_word' id='word_1_127' title='bbox 991 1945 1144 2032; x_wconf 72' lang='grc' dir='ltr'><strong><em>ἔνδεὲςερος,</em></strong></span> 
     </span>
     <span class='ocr_line' id='line_1_17' title="bbox 122 2045 1145 2135; baseline 0.004 -28"><span class='ocrx_word' id='word_1_128' title='bbox 122 2045 187 2107; x_wconf 67' lang='lat' dir='ltr'>ws</span> <span class='ocrx_word' id='word_1_129' title='bbox 202 2045 252 2109; x_wconf 65' lang='lat' dir='ltr'>alil</span> <span class='ocrx_word' id='word_1_130' title='bbox 266 2045 383 2132; x_wconf 68' lang='grc' dir='ltr'><strong><em>Ἀρίονος</em></strong></span> <span class='ocrx_word' id='word_1_131' title='bbox 401 2050 432 2110; x_wconf 76' lang='grc' dir='ltr'>ἔνι</span> <span class='ocrx_word' id='word_1_132' title='bbox 447 2054 482 2109; x_wconf 75' lang='grc' dir='ltr'>τῦ</span> <span class='ocrx_word' id='word_1_133' title='bbox 496 2047 633 2133; x_wconf 68' lang='grc' dir='ltr'><strong><em>πελάγους·</em></strong></span> <span class='ocrx_word' id='word_1_134' title='bbox 656 2046 845 2130; x_wconf 76' lang='grc' dir='ltr'><strong><em>μαντευόμενον</em></strong></span> <span class='ocrx_word' id='word_1_135' title='bbox 866 2047 995 2124; x_wconf 67' lang='grc' dir='ltr'><strong><em>δηλονότι·</em></strong></span> <span class='ocrx_word' id='word_1_136' title='bbox 1017 2055 1073 2122; x_wconf 74' lang='grc' dir='ltr'>πῶς</span> <span class='ocrx_word' id='word_1_137' title='bbox 1087 2053 1145 2135; x_wconf 74' lang='grc' dir='ltr'>γὰρ</span> 
     </span>
     <span class='ocr_line' id='line_1_18' title="bbox 122 2136 1225 2232; baseline 0.004 -27"><span class='ocrx_word' id='word_1_138' title='bbox 122 2136 254 2205; x_wconf 61' lang='lat' dir='ltr'>brissiis</span> <span class='ocrx_word' id='word_1_139' title='bbox 270 2144 302 2205; x_wconf 78' lang='lat' dir='ltr'>ri</span> <span class='ocrx_word' id='word_1_140' title='bbox 318 2143 455 2225; x_wconf 74' lang='grc' dir='ltr'><strong><em>σαφές-·</em></strong></span> <span class='ocrx_word' id='word_1_141' title='bbox 480 2139 542 2209; x_wconf 86' lang='lat' dir='ltr'>hoc</span> <span class='ocrx_word' id='word_1_142' title='bbox 564 2144 664 2232; x_wconf 83' lang='lat' dir='ltr'><strong>Igitur</strong></span> <span class='ocrx_word' id='word_1_143' title='bbox 684 2145 842 2230; x_wconf 84' lang='lat' dir='ltr'><strong>disponit:</strong></span> <span class='ocrx_word' id='word_1_144' title='bbox 865 2149 931 2208; x_wconf 77' lang='grc' dir='ltr'>ἄλλ’</span> <span class='ocrx_word' id='word_1_145' title='bbox 946 2147 998 2208; x_wconf 80' lang='grc' dir='ltr'>οὐδ’</span> <span class='ocrx_word' id='word_1_146' title='bbox 1013 2146 1142 2232; x_wconf 63' lang='grc' dir='ltr'><strong><em>Ἀρίονος·</em></strong></span> <span class='ocrx_word' id='word_1_147' title='bbox 1219 2162 1225 2175; x_wconf 89' lang='grc'>·</span> 
     </span>
     <span class='ocr_line' id='line_1_19' title="bbox 122 2244 1145 2332; baseline 0.008 -27"><span class='ocrx_word' id='word_1_148' title='bbox 122 2247 150 2305; x_wconf 69' lang='lat' dir='ltr'>la</span> <span class='ocrx_word' id='word_1_149' title='bbox 168 2250 219 2305; x_wconf 82' lang='grc' dir='ltr'>τοῦ</span> <span class='ocrx_word' id='word_1_150' title='bbox 239 2244 379 2328; x_wconf 77' lang='grc' dir='ltr'><strong><em>τελίογους</em></strong></span> <span class='ocrx_word' id='word_1_151' title='bbox 400 2247 590 2329; x_wconf 67' lang='grc' dir='ltr'><strong><em>μαντουᾶμονον</em></strong></span> <span class='ocrx_word' id='word_1_152' title='bbox 615 2249 641 2309; x_wconf 80' lang='grc' dir='ltr'><strong>δ.</strong></span> <span class='ocrx_word' id='word_1_153' title='bbox 677 2247 780 2311; x_wconf 88' lang='lat' dir='ltr'><strong>Nobis</strong></span> <span class='ocrx_word' id='word_1_154' title='bbox 804 2246 998 2332; x_wconf 80' lang='lat' dir='ltr'>praeferenda</span> <span class='ocrx_word' id='word_1_155' title='bbox 1021 2247 1145 2314; x_wconf 83' lang='lat' dir='ltr'>videtur</span> 
     </span>
     <span class='ocr_line' id='line_1_20' title="bbox 122 2343 1185 2434; baseline 0.008 -26"><span class='ocrx_word' id='word_1_156' title='bbox 122 2343 232 2408; x_wconf 79' lang='lat' dir='ltr'>neinii</span> <span class='ocrx_word' id='word_1_157' title='bbox 259 2345 351 2423; x_wconf 88' lang='lat' dir='ltr'>ratio,</span> <span class='ocrx_word' id='word_1_158' title='bbox 377 2362 414 2410; x_wconf 87' lang='lat' dir='ltr'>ut</span> <span class='ocrx_word' id='word_1_159' title='bbox 441 2361 566 2411; x_wconf 85' lang='lat' dir='ltr'>retenta</span> <span class='ocrx_word' id='word_1_160' title='bbox 589 2346 709 2433; x_wconf 84' lang='lat' dir='ltr'>reliqua</span> <span class='ocrx_word' id='word_1_161' title='bbox 735 2346 897 2434; x_wconf 83' lang='lat' dir='ltr'>scriptura,</span> <span class='ocrx_word' id='word_1_162' title='bbox 924 2347 1144 2434; x_wconf 73' lang='lat' dir='ltr'>transponatur</span> <span class='ocrx_word' id='word_1_163' title='bbox 1171 2385 1185 2415; x_wconf 75' lang='grc' dir='ltr'><strong><em>ο</em></strong></span> 
     </span>
     <span class='ocr_line' id='line_1_21' title="bbox 122 2443 549 2530; baseline 0.009 -25"><span class='ocrx_word' id='word_1_164' title='bbox 122 2443 280 2530; x_wconf 72' lang='grc' dir='ltr'><strong><em>-Ἀςοόνος</em></strong></span> <span class='ocrx_word' id='word_1_165' title='bbox 294 2452 342 2507; x_wconf 80' lang='grc' dir='ltr'>τοῦ</span> <span class='ocrx_word' id='word_1_166' title='bbox 356 2450 386 2508; x_wconf 76' lang='grc' dir='ltr'>ἐκ</span> <span class='ocrx_word' id='word_1_167' title='bbox 400 2447 549 2530; x_wconf 73' lang='grc' dir='ltr'>πελάγους.</span> 
     </span>
    </p>

    <p class='ocr_par' dir='ltr' id='par_1_6' title="bbox 122 2547 1175 2833">
     <span class='ocr_line' id='line_1_22' title="bbox 159 2547 1144 2633; baseline 0.004 -25"><span class='ocrx_word' id='word_1_168' title='bbox 159 2566 194 2630; x_wconf 89' lang='lat' dir='ltr'>p.</span> <span class='ocrx_word' id='word_1_169' title='bbox 213 2547 284 2609; x_wconf 88' lang='lat'>161.</span> <span class='ocrx_word' id='word_1_170' title='bbox 299 2547 340 2609; x_wconf 87' lang='lat' dir='ltr'>A.</span> <span class='ocrx_word' id='word_1_171' title='bbox 362 2547 525 2631; x_wconf 75' lang='grc' dir='ltr'><strong><em>συνάγοντες</em></strong></span> <span class='ocrx_word' id='word_1_172' title='bbox 549 2551 585 2621; x_wconf 78' lang='grc' dir='ltr'>οἶς</span> <span class='ocrx_word' id='word_1_173' title='bbox 611 2549 691 2631; x_wconf 77' lang='grc' dir='ltr'><strong><em>αὐτὸ]</em></strong></span> <span class='ocrx_word' id='word_1_174' title='bbox 721 2547 812 2610; x_wconf 85' lang='lat' dir='ltr'>Harl.</span> <span class='ocrx_word' id='word_1_175' title='bbox 829 2567 858 2610; x_wconf 88' lang='lat'>1.</span> <span class='ocrx_word' id='word_1_176' title='bbox 882 2549 1086 2633; x_wconf 74' lang='grc' dir='ltr'><strong><em>συναγαγόντος</em></strong></span> <span class='ocrx_word' id='word_1_177' title='bbox 1108 2555 1144 2625; x_wconf 75' lang='grc' dir='ltr'>εἷς</span> 
     </span>
     <span class='ocr_line' id='line_1_23' title="bbox 122 2645 1143 2735; baseline 0.007 -27"><span class='ocrx_word' id='word_1_178' title='bbox 122 2648 147 2710; x_wconf 74' lang='grc' dir='ltr'>τὸ</span> <span class='ocrx_word' id='word_1_179' title='bbox 161 2645 241 2710; x_wconf 69' lang='grc' dir='ltr'><strong><em>αὐτό·</em></strong></span> <span class='ocrx_word' id='word_1_180' title='bbox 265 2647 426 2733; x_wconf 86' lang='lat' dir='ltr'><strong>aliquanto</strong></span> <span class='ocrx_word' id='word_1_181' title='bbox 440 2647 565 2726; x_wconf 82' lang='lat' dir='ltr'><strong>melius,</strong></span> <span class='ocrx_word' id='word_1_182' title='bbox 582 2671 645 2712; x_wconf 91' lang='lat' dir='ltr'>non</span> <span class='ocrx_word' id='word_1_183' title='bbox 662 2662 767 2712; x_wconf 84' lang='lat' dir='ltr'>tamen</span> <span class='ocrx_word' id='word_1_184' title='bbox 783 2650 866 2713; x_wconf 89' lang='lat' dir='ltr'>saris.</span> <span class='ocrx_word' id='word_1_185' title='bbox 900 2650 1081 2735; x_wconf 86' lang='lat' dir='ltr'>Requirirur</span> <span class='ocrx_word' id='word_1_186' title='bbox 1095 2651 1143 2715; x_wconf 80' lang='lat' dir='ltr'>rel</span> 
     </span>
     <span class='ocr_line' id='line_1_24' title="bbox 122 2745 1175 2833; baseline 0.003 -24"><span class='ocrx_word' id='word_1_187' title='bbox 122 2745 303 2832; x_wconf 70' lang='grc' dir='ltr'><strong><em>συναχθέντες</em></strong></span> <span class='ocrx_word' id='word_1_188' title='bbox 317 2752 352 2822; x_wconf 75' lang='grc' dir='ltr'>εἷς</span> <span class='ocrx_word' id='word_1_189' title='bbox 368 2749 399 2810; x_wconf 80' lang='lat' dir='ltr'>ri</span> <span class='ocrx_word' id='word_1_190' title='bbox 413 2750 494 2827; x_wconf 76' lang='grc' dir='ltr'><strong><em>αὐτὸ,</em></strong></span> <span class='ocrx_word' id='word_1_191' title='bbox 509 2748 558 2812; x_wconf 87' lang='lat' dir='ltr'>vel</span> <span class='ocrx_word' id='word_1_192' title='bbox 571 2747 774 2833; x_wconf 70' lang='grc' dir='ltr'><strong><em>συναγαγόντες</em></strong></span> <span class='ocrx_word' id='word_1_193' title='bbox 788 2752 883 2822; x_wconf 75' lang='grc' dir='ltr'><strong><em>αὐτοὺς</em></strong></span> <span class='ocrx_word' id='word_1_194' title='bbox 896 2756 931 2823; x_wconf 80' lang='grc' dir='ltr'>οἷς</span> <span class='ocrx_word' id='word_1_195' title='bbox 946 2753 977 2813; x_wconf 80' lang='grc' dir='ltr'>τὸ</span> <span class='ocrx_word' id='word_1_196' title='bbox 992 2751 1070 2812; x_wconf 71' lang='grc' dir='ltr'>26τοῖ</span> <span class='ocrx_word' id='word_1_197' title='bbox 1169 2757 1175 2768; x_wconf 87' lang='grc'><strong>’</strong></span> 
     </span>
    </p>

    <p class='ocr_par' dir='ltr' id='par_1_7' title="bbox 122 2848 1164 3441">
     <span class='ocr_line' id='line_1_25' title="bbox 161 2848 1141 2933; baseline 0.003 -23"><span class='ocrx_word' id='word_1_198' title='bbox 161 2850 233 2910; x_wconf 87' lang='grc'><strong>161.</strong></span> <span class='ocrx_word' id='word_1_199' title='bbox 249 2848 288 2911; x_wconf 87' lang='grc' dir='ltr'><strong>Β.</strong></span> <span class='ocrx_word' id='word_1_200' title='bbox 312 2850 352 2910; x_wconf 75' lang='lat' dir='ltr'>iri</span> <span class='ocrx_word' id='word_1_201' title='bbox 366 2854 463 2924; x_wconf 77' lang='grc' dir='ltr'><strong><em>σκηνῆς</em></strong></span> <span class='ocrx_word' id='word_1_202' title='bbox 479 2850 570 2926; x_wconf 76' lang='grc' dir='ltr'><strong><em>αὐτὸν,</em></strong></span> <span class='ocrx_word' id='word_1_203' title='bbox 588 2850 622 2923; x_wconf 73' lang='grc' dir='ltr'>ὥς</span> <span class='ocrx_word' id='word_1_204' title='bbox 640 2851 710 2913; x_wconf 78' lang='grc' dir='ltr'><strong><em>οὐδὲν</em></strong></span> <span class='ocrx_word' id='word_1_205' title='bbox 730 2848 791 2933; x_wconf 70' lang='grc' dir='ltr'>εἶχε</span> <span class='ocrx_word' id='word_1_206' title='bbox 811 2851 908 2933; x_wconf 75' lang='grc' dir='ltr'><strong><em>κακὸν]</em></strong></span> <span class='ocrx_word' id='word_1_207' title='bbox 935 2853 969 2923; x_wconf 78' lang='grc' dir='ltr'>ὠς</span> <span class='ocrx_word' id='word_1_208' title='bbox 984 2850 1080 2913; x_wconf 83' lang='lat' dir='ltr'>habet</span> <span class='ocrx_word' id='word_1_209' title='bbox 1091 2864 1141 2914; x_wconf 89' lang='lat' dir='ltr'>et·</span> 
     </span>
     <span class='ocr_line' id='line_1_26' title="bbox 122 2949 1141 3027; baseline -0.003 -10"><span class='ocrx_word' id='word_1_210' title='bbox 122 2950 180 3017; x_wconf 69' lang='lat' dir='ltr'>lum</span> <span class='ocrx_word' id='word_1_211' title='bbox 201 2951 293 3014; x_wconf 85' lang='lat' dir='ltr'>Harl.</span> <span class='ocrx_word' id='word_1_212' title='bbox 310 2968 340 3015; x_wconf 89' lang='lat'>2.</span> <span class='ocrx_word' id='word_1_213' title='bbox 378 2952 437 3014; x_wconf 85' lang='lat' dir='ltr'>Pro</span> <span class='ocrx_word' id='word_1_214' title='bbox 459 2955 555 3027; x_wconf 75' lang='grc' dir='ltr'><strong><em>σκηνῆς</em></strong></span> <span class='ocrx_word' id='word_1_215' title='bbox 577 2949 654 3014; x_wconf 82' lang='lat' dir='ltr'><strong>dant</strong></span> <span class='ocrx_word' id='word_1_216' title='bbox 675 2954 772 3026; x_wconf 79' lang='grc' dir='ltr'><strong><em>σκηνὴν</em></strong></span> <span class='ocrx_word' id='word_1_217' title='bbox 795 2949 885 3012; x_wconf 84' lang='lat' dir='ltr'>Harl.</span> <span class='ocrx_word' id='word_1_218' title='bbox 904 2970 931 3012; x_wconf 94' lang='lat'>1.</span> <span class='ocrx_word' id='word_1_219' title='bbox 950 2969 980 3014; x_wconf 85' lang='grc'><strong>2.</strong></span> <span class='ocrx_word' id='word_1_220' title='bbox 994 2952 1034 3016; x_wconf 85' lang='lat' dir='ltr'>T·</span> <span class='ocrx_word' id='word_1_221' title='bbox 1044 2952 1087 3014; x_wconf 91' lang='lat' dir='ltr'>V.</span> <span class='ocrx_word' id='word_1_222' title='bbox 1103 2952 1141 3015; x_wconf 89' lang='lat' dir='ltr'>B.</span> 
     </span>
     <span class='ocr_line' id='line_1_27' title="bbox 122 3049 1141 3138; baseline -0.002 -22"><span class='ocrx_word' id='word_1_223' title='bbox 122 3056 227 3116; x_wconf 77' lang='lat' dir='ltr'>Arion.</span> <span class='ocrx_word' id='word_1_224' title='bbox 265 3051 375 3116; x_wconf 84' lang='lat' dir='ltr'>Rarius</span> <span class='ocrx_word' id='word_1_225' title='bbox 389 3050 530 3138; x_wconf 88' lang='lat' dir='ltr'><strong>quidem,</strong></span> <span class='ocrx_word' id='word_1_226' title='bbox 545 3050 597 3115; x_wconf 85' lang='lat' dir='ltr'>sed</span> <span class='ocrx_word' id='word_1_227' title='bbox 612 3064 719 3115; x_wconf 86' lang='lat' dir='ltr'>tamen</span> <span class='ocrx_word' id='word_1_228' title='bbox 733 3049 812 3114; x_wconf 91' lang='lat' dir='ltr'><strong>locis</strong></span> <span class='ocrx_word' id='word_1_229' title='bbox 832 3049 964 3113; x_wconf 87' lang='lat' dir='ltr'>minime</span> <span class='ocrx_word' id='word_1_230' title='bbox 983 3050 1141 3136; x_wconf 69' lang='lat' dir='ltr'>suspeslis,</span> 
     </span>
     <span class='ocr_line' id='line_1_28' title="bbox 122 3153 1141 3241; baseline 0.002 -25"><span class='ocrx_word' id='word_1_231' title='bbox 122 3155 157 3216; x_wconf 75' lang='lat' dir='ltr'>lxi</span> <span class='ocrx_word' id='word_1_232' title='bbox 178 3176 255 3219; x_wconf 88' lang='lat' dir='ltr'>curn</span> <span class='ocrx_word' id='word_1_233' title='bbox 275 3153 425 3219; x_wconf 83' lang='lat' dir='ltr'>Genirivo</span> <span class='ocrx_word' id='word_1_234' title='bbox 443 3154 594 3241; x_wconf 73' lang='lat' dir='ltr'>junslurn</span> <span class='ocrx_word' id='word_1_235' title='bbox 617 3166 707 3217; x_wconf 85' lang='lat' dir='ltr'><strong>notat</strong></span> <span class='ocrx_word' id='word_1_236' title='bbox 720 3166 827 3217; x_wconf 78' lang='lat' dir='ltr'>nutum</span> <span class='ocrx_word' id='word_1_237' title='bbox 841 3154 884 3215; x_wconf 83' lang='lat' dir='ltr'>ad</span> <span class='ocrx_word' id='word_1_238' title='bbox 897 3154 998 3217; x_wconf 82' lang='lat' dir='ltr'><strong>locum.</strong></span> <span class='ocrx_word' id='word_1_239' title='bbox 1015 3177 1043 3216; x_wconf 94' lang='grc' dir='ltr'>ν.</span> <span class='ocrx_word' id='word_1_240' title='bbox 1056 3177 1085 3218; x_wconf 91' lang='lat' dir='ltr'>c.</span> <span class='ocrx_word' id='word_1_241' title='bbox 1114 3157 1141 3218; x_wconf 94' lang='lat' dir='ltr'>l.</span> 
     </span>
     <span class='ocr_line' id='line_1_29' title="bbox 122 3253 1164 3341; baseline 0 -22"><span class='ocrx_word' id='word_1_242' title='bbox 122 3276 148 3341; x_wconf 82' lang='lat' dir='ltr'>p.</span> <span class='ocrx_word' id='word_1_243' title='bbox 160 3274 216 3340; x_wconf 83' lang='lat'>35.</span> <span class='ocrx_word' id='word_1_244' title='bbox 230 3257 274 3319; x_wconf 94' lang='lat' dir='ltr'>D.</span> <span class='ocrx_word' id='word_1_245' title='bbox 297 3274 373 3339; x_wconf 81' lang='lat'>321.</span> <span class='ocrx_word' id='word_1_246' title='bbox 384 3256 423 3319; x_wconf 91' lang='lat' dir='ltr'>C.</span> <span class='ocrx_word' id='word_1_247' title='bbox 446 3275 519 3341; x_wconf 84' lang='lat'><strong>934.</strong></span> <span class='ocrx_word' id='word_1_248' title='bbox 530 3257 577 3319; x_wconf 83' lang='lat' dir='ltr'>A:</span> <span class='ocrx_word' id='word_1_249' title='bbox 602 3255 641 3318; x_wconf 86' lang='lat' dir='ltr'>fic</span> <span class='ocrx_word' id='word_1_250' title='bbox 657 3258 696 3318; x_wconf 70' lang='grc' dir='ltr'>ἔτ’</span> <span class='ocrx_word' id='word_1_251' title='bbox 711 3253 772 3318; x_wconf 73' lang='grc' dir='ltr'><strong><em>οἷκον</em></strong></span> <span class='ocrx_word' id='word_1_252' title='bbox 787 3255 902 3334; x_wconf 73' lang='grc' dir='ltr'><strong><em>ἀποίνοις,</em></strong></span> <span class='ocrx_word' id='word_1_253' title='bbox 916 3256 1030 3319; x_wconf 81' lang='lat' dir='ltr'><strong>domum</strong></span> <span class='ocrx_word' id='word_1_254' title='bbox 1044 3257 1140 3337; x_wconf 81' lang='lat' dir='ltr'>abire,</span> <span class='ocrx_word' id='word_1_255' title='bbox 1158 3324 1164 3337; x_wconf 56' lang='lat'>‚</span> 
     </span>
     <span class='ocr_line' id='line_1_30' title="bbox 122 3355 963 3441; baseline -0.002 -20"><span class='ocrx_word' id='word_1_256' title='bbox 122 3356 296 3441; x_wconf 65' lang='lat' dir='ltr'>sepissime:</span> <span class='ocrx_word' id='word_1_257' title='bbox 320 3357 361 3418; x_wconf 64' lang='grc' dir='ltr'>ἐπὶ</span> <span class='ocrx_word' id='word_1_258' title='bbox 375 3362 424 3440; x_wconf 79' lang='grc' dir='ltr'>γῆς</span> <span class='ocrx_word' id='word_1_259' title='bbox 441 3358 530 3433; x_wconf 79' lang='grc' dir='ltr'><strong><em>νεύειν,</em></strong></span> <span class='ocrx_word' id='word_1_260' title='bbox 546 3377 604 3440; x_wconf 81' lang='lat' dir='ltr'>pro</span> <span class='ocrx_word' id='word_1_261' title='bbox 619 3357 660 3417; x_wconf 73' lang='lat' dir='ltr'>ixl</span> <span class='ocrx_word' id='word_1_262' title='bbox 673 3361 725 3439; x_wconf 71' lang='grc' dir='ltr'>γῆν</span> <span class='ocrx_word' id='word_1_263' title='bbox 739 3382 763 3418; x_wconf 88' lang='grc' dir='ltr'>ν.</span> <span class='ocrx_word' id='word_1_264' title='bbox 795 3355 839 3419; x_wconf 93' lang='lat' dir='ltr'>ll.</span> <span class='ocrx_word' id='word_1_265' title='bbox 855 3356 908 3419; x_wconf 88' lang='lat'>81.</span> <span class='ocrx_word' id='word_1_266' title='bbox 924 3357 963 3419; x_wconf 86' lang='grc' dir='ltr'><strong>Β.</strong></span> 
     </span>
    </p>

    <p class='ocr_par' dir='ltr' id='par_1_8' title="bbox 122 3452 1187 4355">
     <span class='ocr_line' id='line_1_31' title="bbox 161 3452 1140 3539; baseline 0.001 -22"><span class='ocrx_word' id='word_1_267' title='bbox 161 3457 233 3518; x_wconf 89' lang='lat'><strong>161.</strong></span> <span class='ocrx_word' id='word_1_268' title='bbox 250 3455 289 3538; x_wconf 92' lang='grc' dir='ltr'><strong>Β.</strong></span> <span class='ocrx_word' id='word_1_269' title='bbox 308 3453 416 3537; x_wconf 76' lang='grc' dir='ltr'><strong><em>Ἔλεγε</em></strong></span> <span class='ocrx_word' id='word_1_270' title='bbox 430 3457 487 3539; x_wconf 72' lang='grc' dir='ltr'>γὰρ</span> <span class='ocrx_word' id='word_1_271' title='bbox 502 3454 613 3538; x_wconf 68' lang='grc' dir='ltr'><strong><em>Ἀρῖοον]</em></strong></span> <span class='ocrx_word' id='word_1_272' title='bbox 640 3455 737 3517; x_wconf 87' lang='lat' dir='ltr'><strong>Hunc</strong></span> <span class='ocrx_word' id='word_1_273' title='bbox 752 3452 928 3517; x_wconf 86' lang='lat' dir='ltr'>mirabilem</span> <span class='ocrx_word' id='word_1_274' title='bbox 942 3452 1071 3518; x_wconf 84' lang='lat' dir='ltr'>Arionis</span> <span class='ocrx_word' id='word_1_275' title='bbox 1085 3476 1140 3518; x_wconf 90' lang='lat' dir='ltr'>ca·</span> 
     </span>
     <span class='ocr_line' id='line_1_32' title="bbox 122 3553 1141 3642; baseline 0.001 -24"><span class='ocrx_word' id='word_1_276' title='bbox 122 3555 182 3619; x_wconf 91' lang='lat' dir='ltr'>sum</span> <span class='ocrx_word' id='word_1_277' title='bbox 206 3554 327 3639; x_wconf 88' lang='lat' dir='ltr'><strong>primus</strong></span> <span class='ocrx_word' id='word_1_278' title='bbox 346 3554 479 3642; x_wconf 85' lang='lat' dir='ltr'>hisloriae</span> <span class='ocrx_word' id='word_1_279' title='bbox 502 3553 694 3640; x_wconf 85' lang='lat' dir='ltr'>oonfignavit</span> <span class='ocrx_word' id='word_1_280' title='bbox 714 3553 898 3619; x_wconf 84' lang='lat' dir='ltr'>Herodotus</span> <span class='ocrx_word' id='word_1_281' title='bbox 922 3555 949 3619; x_wconf 90' lang='lat'>1.</span> <span class='ocrx_word' id='word_1_282' title='bbox 974 3575 1027 3636; x_wconf 84' lang='lat'>24.</span> <span class='ocrx_word' id='word_1_283' title='bbox 1049 3554 1141 3642; x_wconf 82' lang='lat' dir='ltr'><strong>cujus</strong></span> 
     </span>
     <span class='ocr_line' id='line_1_33' title="bbox 122 3654 1138 3731; baseline -0.001 -10"><span class='ocrx_word' id='word_1_284' title='bbox 122 3657 177 3721; x_wconf 78' lang='lat' dir='ltr'>liae</span> <span class='ocrx_word' id='word_1_285' title='bbox 195 3657 229 3721; x_wconf 89' lang='lat' dir='ltr'>in</span> <span class='ocrx_word' id='word_1_286' title='bbox 249 3678 282 3722; x_wconf 90' lang='lat' dir='ltr'>re</span> <span class='ocrx_word' id='word_1_287' title='bbox 304 3657 523 3721; x_wconf 59' lang='lat' dir='ltr'>aussoritatem</span> <span class='ocrx_word' id='word_1_288' title='bbox 538 3670 572 3731; x_wconf 64' lang='lat' dir='ltr'>er</span> <span class='ocrx_word' id='word_1_289' title='bbox 594 3654 727 3720; x_wconf 78' lang='lat' dir='ltr'>firmavit</span> <span class='ocrx_word' id='word_1_290' title='bbox 747 3671 993 3727; x_wconf 85' lang='lat' dir='ltr'><strong>monumentum</strong></span> <span class='ocrx_word' id='word_1_291' title='bbox 1014 3656 1138 3720; x_wconf 82' lang='lat' dir='ltr'>Taenari</span> 
     </span>
     <span class='ocr_line' id='line_1_34' title="bbox 122 3748 1138 3842; baseline -0.001 -22"><span class='ocrx_word' id='word_1_292' title='bbox 122 3757 264 3842; x_wconf 85' lang='lat' dir='ltr'><strong>positum,</strong></span> <span class='ocrx_word' id='word_1_293' title='bbox 287 3757 426 3821; x_wconf 82' lang='lat' dir='ltr'><strong>etmulti</strong></span> <span class='ocrx_word' id='word_1_294' title='bbox 448 3756 559 3841; x_wconf 89' lang='lat' dir='ltr'>posteri</span> <span class='ocrx_word' id='word_1_295' title='bbox 576 3756 741 3841; x_wconf 85' lang='lat' dir='ltr'>scriptores</span> <span class='ocrx_word' id='word_1_296' title='bbox 762 3755 917 3820; x_wconf 87' lang='lat' dir='ltr'>narrando</span> <span class='ocrx_word' id='word_1_297' title='bbox 938 3748 1036 3821; x_wconf 86' lang='lat' dir='ltr'>secuti</span> <span class='ocrx_word' id='word_1_298' title='bbox 1054 3759 1138 3835; x_wconf 86' lang='lat' dir='ltr'><strong>sunt,</strong></span> 
     </span>
     <span class='ocr_line' id='line_1_35' title="bbox 122 3857 1187 3924; baseline 0.002 -4"><span class='ocrx_word' id='word_1_299' title='bbox 122 3881 144 3921; x_wconf 84' lang='lat' dir='ltr'>r.</span> <span class='ocrx_word' id='word_1_300' title='bbox 160 3882 189 3924; x_wconf 85' lang='lat' dir='ltr'>c.</span> <span class='ocrx_word' id='word_1_301' title='bbox 233 3859 363 3923; x_wconf 83' lang='lat' dir='ltr'><strong>Ovidius</strong></span> <span class='ocrx_word' id='word_1_302' title='bbox 385 3860 464 3924; x_wconf 70' lang='lat' dir='ltr'>fast.</span> <span class='ocrx_word' id='word_1_303' title='bbox 488 3860 532 3922; x_wconf 96' lang='lat' dir='ltr'>II.</span> <span class='ocrx_word' id='word_1_304' title='bbox 555 3859 607 3922; x_wconf 89' lang='lat'>80.</span> <span class='ocrx_word' id='word_1_305' title='bbox 653 3857 771 3922; x_wconf 83' lang='lat' dir='ltr'><strong>Plinius</strong></span> <span class='ocrx_word' id='word_1_306' title='bbox 797 3860 839 3921; x_wconf 87' lang='lat' dir='ltr'>H.</span> <span class='ocrx_word' id='word_1_307' title='bbox 861 3859 907 3921; x_wconf 95' lang='lat' dir='ltr'>N.</span> <span class='ocrx_word' id='word_1_308' title='bbox 929 3859 988 3922; x_wconf 92' lang='lat' dir='ltr'>IX.</span> <span class='ocrx_word' id='word_1_309' title='bbox 1006 3859 1037 3921; x_wconf 91' lang='lat'>8.</span> <span class='ocrx_word' id='word_1_310' title='bbox 1074 3857 1139 3922; x_wconf 89' lang='lat' dir='ltr'>Dio</span> <span class='ocrx_word' id='word_1_311' title='bbox 1180 3860 1187 3875; x_wconf 87' lang='lat'>&#39;</span> 
     </span>
     <span class='ocr_line' id='line_1_36' title="bbox 122 3956 1138 4047; baseline -0.002 -22"><span class='ocrx_word' id='word_1_312' title='bbox 122 3959 230 4047; x_wconf 80' lang='lat' dir='ltr'>Chrys.</span> <span class='ocrx_word' id='word_1_313' title='bbox 256 3962 430 4026; x_wconf 86' lang='lat' dir='ltr'><strong>XXXVII.</strong></span> <span class='ocrx_word' id='word_1_314' title='bbox 456 3973 578 4046; x_wconf 83' lang='lat' dir='ltr'><strong>p.455.</strong></span> <span class='ocrx_word' id='word_1_315' title='bbox 597 3960 642 4023; x_wconf 94' lang='lat' dir='ltr'>D.</span> <span class='ocrx_word' id='word_1_316' title='bbox 676 3959 799 4025; x_wconf 83' lang='lat' dir='ltr'><strong>Gellius</strong></span> <span class='ocrx_word' id='word_1_317' title='bbox 821 3961 912 4023; x_wconf 90' lang='lat' dir='ltr'><strong>XVI.</strong></span> <span class='ocrx_word' id='word_1_318' title='bbox 930 3979 980 4045; x_wconf 92' lang='lat'>19.</span> <span class='ocrx_word' id='word_1_319' title='bbox 1019 3956 1138 4023; x_wconf 84' lang='lat' dir='ltr'>AEliari.</span> 
     </span>
     <span class='ocr_line' id='line_1_37' title="bbox 122 4059 1137 4146; baseline -0.001 -21"><span class='ocrx_word' id='word_1_320' title='bbox 122 4063 192 4126; x_wconf 85' lang='lat' dir='ltr'>Nat.</span> <span class='ocrx_word' id='word_1_321' title='bbox 210 4060 352 4124; x_wconf 89' lang='lat' dir='ltr'><strong>Animal.</strong></span> <span class='ocrx_word' id='word_1_322' title='bbox 369 4062 444 4124; x_wconf 88' lang='lat' dir='ltr'><strong>XII.</strong></span> <span class='ocrx_word' id='word_1_323' title='bbox 457 4077 511 4143; x_wconf 85' lang='lat'>45.</span> <span class='ocrx_word' id='word_1_324' title='bbox 540 4060 658 4124; x_wconf 81' lang='lat' dir='ltr'>Bianor</span> <span class='ocrx_word' id='word_1_325' title='bbox 674 4059 810 4125; x_wconf 86' lang='lat' dir='ltr'><strong>Anthol.</strong></span> <span class='ocrx_word' id='word_1_326' title='bbox 834 4059 944 4146; x_wconf 79' lang='lat' dir='ltr'>Epigr.</span> <span class='ocrx_word' id='word_1_327' title='bbox 965 4060 1022 4123; x_wconf 91' lang='lat' dir='ltr'>IV.</span> <span class='ocrx_word' id='word_1_328' title='bbox 1040 4060 1090 4122; x_wconf 92' lang='lat'>16.</span> <span class='ocrx_word' id='word_1_329' title='bbox 1107 4078 1137 4127; x_wconf 90' lang='grc'><strong>2.</strong></span> 
     </span>
     <span class='ocr_line' id='line_1_38' title="bbox 122 4160 1140 4249; baseline -0.001 -24"><span class='ocrx_word' id='word_1_330' title='bbox 122 4164 283 4249; x_wconf 82' lang='lat' dir='ltr'><strong>Oppianus</strong></span> <span class='ocrx_word' id='word_1_331' title='bbox 307 4162 449 4226; x_wconf 86' lang='lat' dir='ltr'>Halieut.</span> <span class='ocrx_word' id='word_1_332' title='bbox 467 4164 509 4228; x_wconf 94' lang='lat' dir='ltr'>V.</span> <span class='ocrx_word' id='word_1_333' title='bbox 524 4177 601 4245; x_wconf 83' lang='lat'><strong>450.</strong></span> <span class='ocrx_word' id='word_1_334' title='bbox 635 4160 763 4225; x_wconf 87' lang='lat' dir='ltr'><strong>Solinus</strong></span> <span class='ocrx_word' id='word_1_335' title='bbox 780 4162 857 4224; x_wconf 93' lang='lat' dir='ltr'><strong>VII.</strong></span> <span class='ocrx_word' id='word_1_336' title='bbox 881 4181 912 4245; x_wconf 89' lang='lat' dir='ltr'>p.</span> <span class='ocrx_word' id='word_1_337' title='bbox 930 4178 982 4227; x_wconf 88' lang='grc'><strong>22.</strong></span> <span class='ocrx_word' id='word_1_338' title='bbox 1003 4161 1140 4225; x_wconf 77' lang='lat' dir='ltr'>Tzetzes</span> 
     </span>
     <span class='ocr_line' id='line_1_39' title="bbox 122 4259 1140 4355; baseline -0.002 -25"><span class='ocrx_word' id='word_1_339' title='bbox 122 4264 257 4330; x_wconf 79' lang='lat' dir='ltr'>Chiliarl.</span> <span class='ocrx_word' id='word_1_340' title='bbox 274 4268 301 4328; x_wconf 97' lang='lat' dir='ltr'>I.</span> <span class='ocrx_word' id='word_1_341' title='bbox 315 4285 376 4349; x_wconf 84' lang='grc'>393</span> <span class='ocrx_word' id='word_1_342' title='bbox 390 4288 398 4327; x_wconf 87' lang='lat'><strong>:</strong></span> <span class='ocrx_word' id='word_1_343' title='bbox 421 4264 475 4328; x_wconf 88' lang='lat' dir='ltr'>alii</span> <span class='ocrx_word' id='word_1_344' title='bbox 497 4262 583 4349; x_wconf 87' lang='lat' dir='ltr'>apud</span> <span class='ocrx_word' id='word_1_345' title='bbox 606 4264 780 4327; x_wconf 81' lang='lat' dir='ltr'>Meursrurn</span> <span class='ocrx_word' id='word_1_346' title='bbox 795 4259 931 4326; x_wconf 83' lang='lat' dir='ltr'>Miscell.</span> <span class='ocrx_word' id='word_1_347' title='bbox 945 4263 1065 4355; x_wconf 71' lang='lat' dir='ltr'><strong>Iason.</strong></span> <span class='ocrx_word' id='word_1_348' title='bbox 1082 4265 1140 4329; x_wconf 94' lang='lat' dir='ltr'>IV.</span> 
     </span>
    </p>
   </div>
   <div class='ocr_carea' id='block_1_3' title="bbox 582 4382 676 4448">
    <p class='ocr_par' dir='ltr' id='par_1_9' title="bbox 582 4382 676 4448">
     <span class='ocr_line' id='line_1_40' title="bbox 582 4382 676 4448; baseline -0.021 0"><span class='ocrx_word' id='word_1_349' title='bbox 582 4382 676 4448; x_wconf 69' lang='lat'>3¹³3</span> 
     </span>
    </p>
   </div>
   <div class='ocr_carea' id='block_1_4' title="bbox 0 0 1354 4928">
    <p class='ocr_par' dir='ltr' id='par_1_10' title="bbox 0 0 1354 4928">
     <span class='ocr_line' id='line_1_41' title="bbox 0 0 1354 4928; baseline 0 0"><span class='ocrx_word' id='word_1_350' title='bbox 0 0 1354 4928; x_wconf 95' lang='lat' dir='ltr'> </span> 
     </span>
    </p>
   </div>
  </div>
 </body>
</html>
