2700 4928
160 334 222 403 99⁴
306 315 405 385 D.W.
425 320 632 383 ANIMADV.
652 319 699 380 IN
720 317 952 379 PLUTARCHI
970 316 1049 377 atu.

162 488 276 555 benter
289 483 481 577 obeundam,
496 505 530 571 p.
543 502 636 570 1103.
651 485 737 564 E,I·’.
766 483 811 545 Et
825 480 973 545 novimus
988 475 1182 544 Plutarchum

163 588 197 653 in
211 586 362 652 tradenda
376 585 575 673 philosophia
588 584 721 650 subinde
733 582 1006 649 Academicorum
1019 596 1054 646 ct
1069 579 1182 666 Peripa·

163 675 334 753 teticorurn
350 710 439 752 more
454 688 486 752 in
501 701 670 773 utramque
685 700 808 773 partem
822 684 1005 771 disputasse,
1019 697 1055 749 et
1069 697 1181 747 contra·

163 790 225 855 rias
251 791 292 856 de
319 789 433 855 eodem
455 803 647 878 argumento
672 786 841 853 sententias
865 787 955 850 libris
981 782 1178 872 consignasse:

163 892 257 979 cujus
278 891 515 957 consuetudinis
531 891 676 978 quaedam
699 888 817 954 indicia
837 887 1063 952 annotavaus
1080 884 1112 949 iu
1132 883 1179 948 sne

163 993 384 1079 disputationis
406 994 529 1073 nostra,
544 1015 608 1079 qua
620 989 813 1056 ostendimus
832 989 1021 1075 scriptorem
1033 986 1130 1053 libelli
1141 987 1178 1050 lle

162 1093 348 1158 Educatione
363 1097 521 1160 Puerorum
536 1117 600 1158 non
614 1092 674 1158 esse
692 1090 910 1157 Plutarchum.

75 1186 77 1190 ὗ
205 1196 271 1261 Hic
285 1197 428 1283 quidem,
444 1219 540 1283 quem
557 1197 741 1274 tradamus,
760 1194 851 1273 liber,
873 1194 916 1258 est
930 1194 1074 1282 adversus
1084 1195 1173 1280 super·

149 1297 321 1385 stelionem
344 1313 382 1364 ut
395 1299 586 1379 ostendatur,
601 1297 824 1384 superstitiosos
838 1296 966 1384 gravius
981 1313 1085 1361 errare
1097 1316 1173 1383 quau

163 1398 294 1478 athsom
317 1413 351 1464 et
370 1399 458 1487 quod
476 1399 567 1487 pejus
588 1397 628 1464 de
650 1397 720 1463 Diis
742 1398 889 1477 sentiant,
911 1411 945 1461 et
959 1395 1048 1483 quod
1068 1394 1172 1482 peffine

163 1499 205 1563 de
220 1501 251 1566 se
266 1500 320 1587 ipsi
334 1514 531 1567 mereantur:
555 1500 668 1565 atheos
681 1499 766 1564 enirn
783 1497 927 1584 quamvis
941 1510 1095 1575 errantes,
1105 1491 1171 1582 quod

164 1601 291 1666 nullum
312 1603 372 1666 esse
395 1603 535 1667 divinum
556 1623 674 1668 numen
698 1601 875 1680 crederent,
894 1615 1004 1666 tamen
1025 1599 1120 1664 levius
1133 1617 1169 1660 er·

164 1723 244 1783 rare,
262 1703 318 1790 qui
332 1703 435 1768 nullos
450 1726 545 1790 quam
560 1703 616 1789 qui
630 1703 731 1768 malos
744 1702 805 1767 esse
820 1704 909 1768 Deos
924 1715 1061 1789 putent=
1082 1713 1113 1766 et
1124 1698 1168 1762 hoc

161 1825 269 1868 errore
283 1803 480 1892 aliquantum
496 1805 648 1890 proficere
664 1802 705 1868 ad
724 1804 798 1868 vitae
817 1803 1100 1891 tranquillitatem
1118 1820 1169 1866 cer·

144 1948 148 1956 -
163 1915 209 1986 te,
223 1920 261 1970 ut
275 1927 315 1971 ne
329 1919 477 1971 metuant
489 1908 593 1972 Deos:
616 1919 650 1970 at
664 1905 944 1991 superstitiosorum
958 1926 1031 1970 eam
1044 1904 1102 1970 esse
1113 1897 1167 1967 siul-

161 2005 279 2090 titiam,
294 2020 332 2072 ut
345 2008 485 2096 perversa
498 2006 625 2093 pietatis
645 2007 748 2093 specie
771 2006 804 2071 in
821 2006 978 2072 summam
996 2006 1167 2094 impietaten

162 2106 381 2194 prolabantur,
402 2107 456 2194 qui
476 2107 516 2172 de
536 2107 608 2172 Diis
627 2106 753 2193 pessime
772 2107 919 2187 sentiant,
937 2130 993 2173 eos
1013 2103 1168 2179 iracunda,

160 2206 318 2286 crudeles,
338 2207 498 2272 maleficos
511 2208 572 2273 esse
590 2206 794 2286 arbitrentur,
814 2227 872 2293 per
892 2229 1034 2294 eumque
1055 2221 1168 2273 errorem

161 2307 320 2371 continuo
330 2307 445 2371 diurno
459 2307 679 2394 nostumoque
693 2322 784 2372 metu
797 2308 972 2396 agitentur.
998 2310 1112 2395 Neque
1123 2305 1169 2370 hoe

160 2405 207 2472 ita
226 2406 344 2472 differis
366 2408 564 2487 Plutarchus,
584 2422 622 2472 ut
644 2408 757 2474 atheos
773 2411 898 2494 probet,
916 2409 970 2474 sed
988 2424 1027 2475 ut
1046 2403 1168 2497 supersti-

160 2508 256 2573 tiosos
276 2508 309 2573 in
328 2508 447 2574 restam
463 2508 544 2573 viam
565 2508 675 2590 ducat,
690 2510 807 2596 eosque
827 2511 1105 2590 commonefaciat,
1120 2510 1167 2574 im·

161 2611 315 2699 pietatem
335 2612 380 2677 ita
393 2612 577 2700 fugiendam
591 2613 664 2693 effe,
680 2636 746 2679 non
763 2627 800 2678 ut
814 2613 848 2679 in
867 2615 1066 2681 contrarium
1079 2615 1167 2701 super·

160 2713 292 2781 stitionis
304 2715 416 2781 vitium
431 2716 463 2781 se
477 2715 661 2803 conjiciant,
684 2715 736 2781 sed
755 2729 793 2780 ut
810 2715 976 2802 pietatem,
992 2717 1132 2782 virtutem
1143 2713 1167 2776 in

160 2818 271 2884 medio
296 2819 440 2906 positam,
466 2818 696 2885 consestentun
741 2817 806 2882 Sed
832 2831 939 2883 totum
961 2832 1167 2906 argumentum

160 2939 262 3005 quum
287 2920 391 3007 magis
415 2920 551 2986 oratorie
572 2933 607 2985 et
628 2918 825 3006 populariter
845 2941 943 3005 quam
967 2920 1124 2986 dialesticc
1140 2936 1167 2980 ac

157 3019 315 3087 subtiliter
336 3022 501 3101 tradetur,
524 3035 558 3087 et
579 3024 644 3086 sere
666 3021 760 3086 unice
783 3021 815 3085 in
841 3020 1057 3107 superstitione
1080 3039 1166 3108 repre

158 3117 329 3184 hendenda
341 3121 558 3199 consumatur,
573 3120 669 3185 nullae
684 3122 754 3208 ejus
770 3121 881 3187 laudes
896 3121 1050 3210 dotesque
1063 3140 1166 3189 merno-
1210 3136 1212 3143 ·

157 3234 281 3298 rentur,
303 3221 393 3285 nulla
414 3221 482 3308 ejus
503 3221 651 3285 curandae
671 3221 880 3308 sanandaque
892 3238 1044 3288 accurata
1057 3220 1165 3309 quidem

156 3341 197 3388 ac
217 3320 354 3408 diligens
375 3325 457 3388 ratio
479 3323 641 3388 tradatur:
667 3323 755 3409 quod
778 3323 967 3390 Plutarchus
988 3325 1057 3391 aliis
1079 3339 1165 3389 tamea

44 3428 47 3433 ’
157 3421 313 3509 plerisque
328 3422 363 3485 in
374 3423 463 3488 libris
478 3423 612 3501 faeritas,
624 3424 740 3510 quibua
751 3423 900 3488 vitiorum
914 3425 1093 3490 curationes
1107 3440 1165 3509 pro·

158 3522 266 3609 pofitae
281 3523 365 3601 sunt,
381 3523 479 3587 veluti
491 3525 559 3611 περὶ
574 3522 739 3611 dumosam,
754 3524 813 3610 περὶ
826 3525 1102 3611 πολυπραγμοσύνης,
1114 3513 1164 3603 wll

157 3621 304 3702 ivocales,
324 3623 393 3707 περὶ
416 3623 578 3707 ἁδολεχῖας,
593 3626 661 3709 περὶ
683 3625 889 3704 φιλοπλουτίας,
905 3639 940 3688 et
955 3625 1120 3704 similibu83
1137 3635 1165 3683 0⁰

156 3722 262 3811 magis
284 3722 402 3788 inclino
420 3723 452 3786 in
467 3746 537 3787 eam
557 3710 752 3810 opinionem,
772 3737 810 3788 ut
829 3740 940 3811 putem
963 3725 1051 3791 hunc
1069 3726 1168 3790 librum

157 3827 218 3893 esse
239 3827 373 3893 alterurn
393 3849 433 3890 ex
454 3827 521 3914 pari
538 3826 691 3892 librorum
712 3826 752 3891 de
770 3827 997 3914 superstitione
1015 3829 1048 3894 in
1064 3843 1166 3894 utram·

155 3950 220 4017 que
235 3944 356 4016 partem
374 3930 572 4016 scriptorum.

199 4030 305 4115 Igitur
328 4041 444 4107 errant,
470 4027 490 4090 st
512 4027 567 4112 qui
589 4039 704 4113 putant
726 4027 788 4092 hoc
810 4027 843 4092 in
865 4027 948 4092 libro
969 4040 1074 4095 totam
1098 4027 1168 4093 inte·

154 4150 310 4217 grauique
329 4128 488 4196 Plutarchi
509 4129 550 4193 de
572 4130 796 4216 Superstitione
814 4120 1001 4197 se'ntentiam
1015 4127 1171 4207 contineri,

153 4244 187 4296 et
207 4230 408 4318 impietatem
427 4254 510 4312 eam,
531 4253 627 4318 quam
648 4244 769 4299 veteres
790 4232 931 4315 ἀθεότηῖα,
954 4235 1068 4303 novitii
1090 4229 1172 4303 nostri

423 4570 579 4632 A
