2700 4928
333 336 537 399 APOPffrH.
552 336 774 398 LacoNlca.
793 336 985 414 p.210.A‚B.
1102 341 1181 411 1149

138 498 204 566 tim
218 499 353 589 scriptor
368 501 507 590 Agefilai
522 499 753 586 Xenophontei
767 502 811 565 V.
827 518 858 564 2.
874 516 892 584 7
905 525 913 564 ι
937 502 968 562 οὐ
985 503 1039 581 μὴν
1058 496 1131 584 inp
1145 523 1183 583 γε

138 602 272 690 διαίτῃ,
287 603 355 667 ἀλλ’
370 601 518 690 ἀρχομένῳ
531 605 581 666 ὑπὸ
594 611 649 668 τῶν
661 603 793 689 πράξεων
807 605 927 690 ὖχςῆτοι
951 599 1039 687 quod
1051 622 1091 665 ex
1104 599 1184 665 Vita

138 703 230 770 forte
252 703 387 769 excidit:
414 703 467 769 sed
493 704 538 768 ibi
560 704 685 791 plenius
710 703 752 769 ad
773 702 1032 791 intelligentiam,
1057 700 1131 788 πρός
1152 711 1185 767 π’
1277 758 1284 774 ,

139 806 255 882 θάλπος
277 804 348 870 alra
367 804 413 883 noi
432 805 524 893 ψύχος
549 805 635 893 εἶχεν,
658 804 751 894 ὥσπερ
769 805 846 888 μόνος
865 804 906 869 aial
925 808 1041 891 χρῆθω
1057 807 1120 879 ταῖς
1133 803 1185 868 tul

140 915 209 974 aaa
225 911 406 1000 κεκραμέναις
420 908 501 997 ὥραις
514 911 658 995 πεφυκώς·
681 933 754 998 quae
770 911 902 996 scriptor
916 909 1055 997 Agefilai
1071 910 1184 973 Xeno·

141 1011 283 1100 phontei
296 1012 336 1077 fic
351 1011 490 1076 reddidit
507 1014 566 1077 lx.
582 1029 624 1097 5:
647 1011 748 1098 ᾗδατῇ
765 1019 820 1075 τῶν
837 1017 907 1076 θεῶν
922 1012 1082 1098 κατασκευῇ
1101 1010 1185 1074 δυνά·

140 1139 224 1198 amr
238 1114 350 1189 ἇλῦτωε
360 1118 489 1200 >crida

189 1237 223 1303 p.
242 1236 316 1282 210.
331 1218 375 1281 A.
392 1214 429 1280 ιδ’
433 1217 456 1301 .]
479 1217 591 1281 Habet
604 1237 732 1303 quoque
747 1214 1004 1300 Xenophonteus
1018 1213 1187 1302 Agefilaua

142 1319 188 1384 V
207 1335 247 1384 2.
270 1323 362 1402 ἡγεῖτο
383 1321 441 1404 γὰρ
463 1317 581 1405 ἄρχοντι
573 1318 762 1405 ισςοσήκαν,
780 1321 810 1380 οὔ
831 1332 956 1402 μαλακ
916 1316 966 1379 xla
983 1320 1063 1381 almi
1082 1341 1185 1405 naupra-

143 1417 205 1506 pla,
220 1428 274 1484 τῶν
289 1421 453 1484 ituram
411 1447 453 1484 ora
453 1424 557 1506 paim.

191 1538 267 1587 210.
281 1521 367 1585 Α.κ
367 1517 402 1606 ‘.]
430 1521 513 1585 Haec
528 1520 594 1585 fere
612 1518 675 1585 loci
697 1517 879 1584 communia
901 1519 996 1585 rnflar
1008 1518 1188 1586 celebratur

144 1621 218 1687 laus
234 1623 342 1710 legum
359 1623 501 1710 Lycurgi
511 1624 652 1710 spernere
665 1622 845 1708 uoluptates.

191 1743 267 1792 210.
282 1725 326 1790 A.
350 1723 422 1810 uu'.]
448 1727 491 1789 Et
506 1725 570 1790 hoc
584 1724 739 1812 fingulare
753 1724 806 1788 est.
830 1723 1065 1789 Valckenarius
1079 1746 1187 1790 eorre-

148 1824 250 1892 aioni
266 1826 429 1891 fimiandae
450 1827 531 1892 citat
552 1826 751 1914 Hesychium
767 1826 798 1890 in
815 1847 905 1908 voce,
920 1826 1063 1910 Μῶμθα·
1089 1829 1188 1909 {mou-

148 1951 212 2012 μιν·
237 1927 307 1994 haec
324 1926 516 2014 subjiciens:
541 1934 563 1967 “
578 1928 641 1992 hoc
664 1949 737 1992 vero
759 1926 883 1993 dietum
898 1929 1003 1992 senem
1024 1928 1057 1992 in
1079 1929 1187 2017 AEgy·

147 2036 172 2071 “
188 2044 247 2117 pto
261 2029 368 2095 dixisse
382 2028 520 2116 suspicor
534 2029 716 2117 Agefilaum
723 2054 733 2109 3
757 2044 789 2094 et
805 2051 863 2095 cur
878 2030 941 2094 hoc
955 2028 1094 2116 suspicer
1106 2051 1189 2095 eon·

147 2138 172 2173 “
188 2131 282 2197 stabit
301 2132 480 2197 eonferenti
504 2130 708 2196 Plutarchum
730 2131 762 2194 in
784 2128 932 2219 Agefilao
952 2153 985 2218 p.
1003 2134 1078 2197 616.
1096 2134 1136 2211 E,
1151 2135 1189 2200 1².

148 2240 224 2300 “et
247 2234 390 2300 Cornelii
410 2233 548 2320 Nepotis
571 2233 689 2321 Agefil.
706 2256 735 2298 o.
753 2234 788 2298 8:
812 2255 907 2319 quem
930 2233 1050 2299 diversa
1070 2235 1189 2300 conlu-

151 2343 176 2377 “
191 2335 280 2414 diffe,
299 2336 386 2422 quod
406 2338 552 2401 Romano
569 2335 714 2423 scriptori
734 2334 967 2422 elegantiffimo
986 2336 1082 2402 toties
1103 2337 1190 2404 aeci-

150 2445 175 2478 “
188 2437 266 2502 dille
288 2438 420 2517 nollem,
435 2437 538 2524 liquet
552 2461 590 2502 ex
606 2439 644 2502 iis
664 2461 737 2524 quae
759 2461 851 2502 verax
873 2454 981 2504 narrat
1002 2440 1190 2527 Theopom-

150 2547 175 2581 “
191 2543 291 2626 pur.''
327 2543 370 2604 Et
390 2561 410 2602 a
429 2545 532 2622 μῶθα(
557 2539 657 2604 dieas
681 2541 790 2628 Musas
814 2541 859 2605 ait
885 2541 975 2605 Plato
1000 2542 1134 2630 Cratylo
1155 2565 1190 2631 p.

153 2646 230 2708 266.
250 2643 291 2705 Ε.
335 2640 399 2705 Sed
427 2664 486 2705 nec
515 2642 656 2724 ἀμώμεθα
684 2641 855 2707 absurdum
882 2642 1007 2708 videtur
1035 2644 1190 2724 metimus3

151 2742 306 2830 liquidem
325 2766 384 2806 nec
404 2743 525 2828 reliqua
540 2742 617 2807 diui
637 2757 740 2829 parte,
754 2744 861 2809 necin
878 2735 1002 2808 caeteria
1016 2743 1110 2810 dictis
1124 2747 1190 2811 La-

150 2847 266 2911 conica
292 2845 447 2910 dialeuus
473 2846 616 2909 constat:
641 2856 675 2909 e't
693 2859 731 2908 ut
751 2847 874 2931 θερίζειν,
899 2846 938 2910 fic
960 2851 1079 2928 ἅμᾶθω
1101 2860 1192 2914 tran·

152 2947 229 3012 ssate
244 2946 373 3010 dieitur.
396 2970 425 3008 v.
441 2966 472 3008 c.
494 2947 535 3009 ab
552 2943 705 3031 Euripide
721 2947 820 3008 lnone
835 2945 920 3030 apud
936 2946 1030 3010 Stob.
1054 2967 1087 3033 p.
1102 2962 1165 3033 507
1181 2972 1190 3014 r

153 3054 236 3116 ὕπατ’
249 3056 353 3134 cipitia
366 3054 447 3115 τῶνδε
461 3052 569 3128 liquor
582 3049 669 3138 &ipos
687 3065 722 3114 et
735 3050 812 3114 aliae
827 3065 958 3115 notante
975 3051 1139 3118 Eustathio
1152 3052 1194 3118 ad

154 3154 248 3220 lliad.
264 3160 300 3218 Γ.
324 3176 357 3240 p.
372 3157 453 3238 423.
466 3158 520 3239 36.
564 3154 611 3216 H.
627 3152 795 3240 Stephano
813 3153 908 3218 Thes.
930 3156 969 3218 L.
985 3154 1044 3219 Gr.
1059 3156 1099 3220 Τ.
1115 3157 1143 3221 1.
1157 3177 1192 3243 p.

153 3259 231 3345 382.
245 3259 280 3322 F.
303 3258 379 3342 383.
396 3258 439 3319 A.

197 3377 273 3427 210.
291 3359 328 3419 B.
352 3355 425 3442 ubst]
452 3353 556 3440 λέγων,
574 3376 768 3441 quamquam
789 3354 822 3418 in
842 3357 993 3423 omnibus
1014 3357 1194 3444 proditum,

154 3474 265 3525 tamen
288 3457 396 3544 potius
418 3481 438 3520 a
459 3457 587 3521 librario
610 3455 770 3537 additum,
786 3479 882 3544 quam
902 3481 940 3522 ex
956 3459 1019 3523 alio
1038 3459 1196 3527 vocabulo

155 3561 366 3649 depravatum
382 3560 499 3624 dicam
534 3559 618 3625 Illud
634 3563 660 3622 ἐν
674 3586 748 3641 μετα
728 3558 816 3647 adata
834 3558 991 3643 peragrata
1010 3564 1096 3642 ζητεῖν
1113 3583 1194 3628 acu·

156 3687 231 3729 men
257 3664 495 3728 conformatum
520 3684 560 3725 ex
581 3662 749 3747 proverbio
772 3668 859 3726 Maru
861 3661 927 3741 ὄολὴ
948 3689 1065 3727 παντων
1088 3665 1195 3748 γλυκὺ,

155 3766 245 3853 quod
267 3767 309 3831 ab
330 3763 485 3851 Euripide
507 3765 608 3830 Orest.
626 3784 699 3848 234.
715 3763 851 3843 diuum,
870 3765 912 3829 ab
929 3764 999 3829 aliis
1013 3764 1195 3833 adhibitum

155 3870 217 3935 est.
242 3892 272 3933 v.
288 3891 320 3933 c.
347 3865 517 3932 Aristotele
539 3865 702 3931 Rhetoric.
720 3868 747 3930 1.
765 3885 815 3932 11.
845 3834 953 3931 Ethic.
969 3867 1100 3932 Nicom.
1115 3870 1196 3937 Vll.

158 3988 209 4053 14.
241 3969 379 4034 Eudem.
394 3970 471 4033 Vll
495 3988 524 4031 1.
554 3967 801 4032 Controversum
824 3967 940 4054 apud
932 3981 1122 4055 interpretes
1141 3971 1195 4035 fu-

157 4069 221 4151 ill'e,
243 4070 433 4136 Scholiastes
454 4069 563 4156 Eurip.
581 4069 603 4132 l.
619 4090 649 4132 c.
669 4080 802 4133 monet=
826 4069 952 4133 fortasse
966 4083 1000 4133 et
1014 4069 1198 4157 hujusmodi

159 4173 320 4239 calumnia
333 4172 441 4252 fuerit,
462 4172 497 4236 Si
515 4171 642 4235 omnim
655 4195 754 4234 rerum
768 4170 892 4233 mutatio
902 4172 1016 4258 suauis
1029 4170 1077 4258 est,
1090 4176 1198 4266 sequi.

161 4287 222 4358 tur,
236 4278 329 4340 etiam
340 4274 513 4357 mutationis
526 4274 714 4338 mutationem
722 4274 854 4359 suavem
869 4274 934 4359 affl.
