2700 4928
278 353 481 417 trorum.
496 354 586 417 nnc.
600 355 653 418 ΕΤ
666 356 762 420 Duc,
780 357 922 436 piper.
1040 367 1115 418 ιω

74 518 142 602 q'ue
155 516 225 604 post
239 517 424 606 Scipionem
444 521 543 587 etiam
564 532 599 587 et
615 520 695 587 vixit
713 535 747 587 et
764 519 902 608 scripfit3
926 531 964 587 ut
975 519 1112 588 ostendi-

72 638 152 682 mue
173 618 206 684 in
228 620 455 708 Disputatione
476 623 529 689 De
548 623 702 702 Panaetio,
721 623 777 687 ubi
795 621 913 687 horum
929 636 1111 710 temporum

72 740 127 785 ree
141 733 177 786 et
191 721 330 788 rationes
344 723 533 813 dihgentiur
544 745 642 813 quum
656 723 764 792 edhuc
778 723 899 791 fatum
913 738 993 806 erut,
1005 724 1111 812 expli·

62 832 190 890 'cantur
200 839 238 890 et
250 824 452 893 ordinantur.

119 944 194 1012 ¹99·
208 929 245 992 F.
267 927 320 1014 αἲ]
354 928 503 995 AElienue
523 931 600 996 Var.
624 929 707 995 Hist.
726 930 788 994 XI.
806 950 838 1016 9.
861 927 990 994 initium
1011 928 1110 1018 hujue

69 1023 139 1092 loci
153 1026 336 1116 descripfitt
356 1029 426 1094 'Ort
441 1029 572 1109 Σκηπίων
584 1030 713 1119 τέσσαρα
727 1029 774 1110 ne)
786 1031 961 1109 πεντήκοντα
976 1029 1021 1109 ire
1036 1031 1108 1112 βιῶ·

68 1132 230 1209 6015,th
250 1130 311 1196 οὔτε
333 1132 456 1219 ἐπρίατο,
478 1131 538 1197 rire
559 1132 686 1198 iniiere.
722 1134 775 1199 De
793 1133 922 1213 vlrtute,
937 1132 1108 1199 contineri·

67 1230 119 1296 tia
138 1247 173 1299 et
193 1233 314 1320 pietate
337 1235 409 1323 ejus
431 1236 599 1324 egregium
620 1237 719 1302 exstet
741 1237 962 1324 fragmentum
983 1236 1109 1325 Polybii

32 1382 40 1395 ,
67 1332 217 1402 XXXII.
231 1357 264 1423 9.
278 1339 315 1418 63
339 1359 436 1423 quem
458 1337 576 1423 partim
595 1337 722 1402 secutus
737 1337 864 1403 videtur
878 1336 912 1402 in
925 1336 1041 1403 eodem
1055 1361 1108 1404 ar·

66 1451 228 1523 grnnento
242 1438 359 1504 Cicero
371 1439 405 1503 in
425 1438 526 1505 Lelio
541 1440 605 1503 III.
642 1440 694 1506 De
707 1439 777 1504 euri
791 1439 981 1526 argentique
994 1439 1106 1520 modo,

66 1537 160 1626 quod
175 1538 315 1605 moriens
331 1539 442 1605 heredi
456 1539 595 1628 reliquit,
610 1562 676 1607 non
695 1538 749 1604 rifi
765 1539 902 1604 alterum
918 1541 1107 1607 memorarit

68 1637 193 1704 Plinius
213 1641 258 1705 H.
274 1643 320 1706 N.
342 1642 506 1706 XXXIII.
528 1658 593 1726 502
618 1640 731 1704 Libras
746 1639 897 1707 XXXII.
920 1642 1042 1728 argenti
1054 1642 1106 1707 A.

53 1740 202 1828 sticum
213 1742 342 1830 sequent
356 1742 480 1830 reliquit
492 1743 614 1806 heredi.-
636 1755 810 1829 utrumque
825 1741 977 1807 Aurelius
992 1742 1107 1808 vietor

65 1842 121 1907 De
133 1842 222 1909 Viris
241 1843 356 1908 illustr.
376 1844 500 1909 LVIII.
521 1863 580 1909 11:
606 1843 708 1931 Hujus
727 1843 938 1930 patrimonium
960 1855 1023 1907 taen
1039 1843 1104 1909 eei·

60 1968 160 2032 greum
163 1944 235 2031 suit
246 1957 280 2009 ut
290 1944 440 2011 XXXII.
454 1945 550 2010 libras
564 1946 695 2033 argenti,
709 1946 787 2010 duas
801 1943 1021 2034 etsemilibran
1035 1945 1106 2010 auri
1125 1930 1131 1942 .

63 2047 231 2136 reliquerit.
269 2049 449 2128 Ceterum,
461 2048 532 2114 haec
548 2048 673 2114 nonita
690 2047 888 2136 accipienda,
904 2048 988 2135 quali
1003 2048 1105 2114 totius

62 2149 254 2236 polseffionie
269 2150 409 2237 pretium
422 2150 519 2215 instar
530 2149 629 2238 hujus
642 2151 777 2215 summae
792 2151 901 2231 luerit,
914 2173 1000 2238 que,
1016 2165 1053 2216 ut
1068 2165 1105 2218 et

62 2252 194 2318 aliunde
207 2254 339 2330 constat,
354 2268 389 2318 et
401 2252 465 2318 hoc
485 2251 560 2318 loco
578 2274 599 2317 e
618 2251 791 2319 Plutarcho
804 2252 921 2319 dicitur
935 2253 1015 2318 οὐσία
1024 2237 1102 2319 ’πολ-

61 2358 111 2435 λὴ,
129 2355 260 2420 infinitis
275 2356 419 2443 partibus
439 2354 576 2443 amplior
596 2355 694 2420 fuerit
712 2356 854 2421 neeesse:
886 2354 939 2420 sed
959 2354 1000 2420 de
1021 2357 1103 2442 veeste

62 2459 214 2546 argenteis
228 2471 256 2522 et
269 2457 387 2523 aures:
409 2457 497 2547 quod
512 2472 545 2523 et
563 2480 664 2522 nexus
677 2456 819 2522 declarat
833 2456 1022 2522 narrationis
1038 2457 1102 2521 Pli-

62 2560 123 2641 nii,
143 2575 179 2626 et
197 2561 280 2647 sepe
295 2560 383 2648 apud
398 2560 532 2625 latinos
545 2573 716 2647 argentum
732 2559 914 2647 fimpliciter
927 2558 1046 2626 dicitur
1060 2557 1102 2624 de

60 2674 187 2751 argento
201 2648 318 2727 caelnte.
457 2681 465 2698 ⁶

57 2788 72 2817 κ
109 2784 182 2852 199.
194 2767 229 2830 F.
244 2766 300 2850 5.]
326 2764 514 2830 Plutarchus
529 2764 615 2829 idem
629 2765 728 2847 refert
740 2763 890 2851 Sympos.
902 2765 962 2828 IV.
977 2784 1010 2850 p.
1023 2765 1099 2850 659.

60 2868 111 2931 E:
139 2866 193 2932 sed
213 2866 289 2931 hinc
306 2867 464 2954 deseripfit
486 2867 636 2932 Stobaeus
649 2865 756 2930 Iloril.
773 2866 949 2930 XXXVII.
971 2886 1006 2953 p.
1023 2885 1098 2932 221.

59 2968 116 3034 hic
131 2968 262 3056 quidem
278 2969 383 3034 reete:
407 2969 515 3032 minus
536 2968 622 3033 rede
643 2967 792 3031 AElianus
810 2969 887 3031 Var.
905 2966 987 3031 Hist.
1004 2968 1098 3032 XIV.

58 3073 115 3159 38.
135 3071 191 3158 qui
213 3070 445 3159 Epaminondae
467 3070 545 3135 facit
563 3069 605 3135 nd
629 3069 812 3157 Pelopidam
830 3068 975 3134 dietum:
999 3069 1098 3135 dece-

58 3187 148 3262 ptus,
163 3188 201 3238 ut
214 3173 352 3252 videtur,
368 3172 548 3238 temeritate
562 3185 783 3258 excerptorum
800 3171 940 3250 suorum,
955 3170 1096 3259 duplici·

58 3288 110 3340 ter
127 3296 259 3340 errant:
283 3273 526 3362 primumquod
548 3295 615 3337 rem
637 3272 668 3336 in
692 3271 836 3336 Africani
856 3270 996 3368 Minoris
1018 3273 1097 3338 Vite

58 3368 223 3458 traditam,
245 3377 286 3442 ad
305 3377 494 3442 Africanum
518 3375 677 3462 Majorem
701 3374 873 3454 conferret,
897 3373 1036 3461 indeque
1055 3374 1097 3439 ad

57 3478 317 3568 Epaminondam
339 3479 483 3556 referret,
506 3476 598 3563 cujus
613 3490 647 3541 et
665 3476 810 3541 Africani
824 3464 1096 3561 Vitas'purallelee

56 3604 125 3649 uno
138 3581 223 3648 libro
235 3580 445 3668 conjunxerat
468 3577 669 3644 Plutarchus.
705 3578 770 3643 Sed
789 3577 909 3643 mendo
930 3578 1027 3642 etiam
1047 3578 1096 3643 le-

56 3685 150 3751 borat
170 3684 290 3749 librarii
311 3682 478 3748 AEllanusr
496 3680 606 3767 Ἔλεγε
630 3682 702 3769 πρὸς
720 3678 893 3759 Πελοπίδαν,
907 3684 946 3763 μὴ
961 3679 1096 3768 npr'reqee

54 3787 275 3868 hundetorre
286 3791 333 3862 τῆς
356 3789 462 3872 ἀγορᾶς
475 3782 565 3872 ἡμέρᾳ
584 3783 655 3871 πρὶν
677 3783 692 3861 ἢ
712 3782 791 3866 φίλων
809 3785 865 3857 τοῖς
886 3781 1016 3868 ἀρχαίοις
1032 3787 1096 3847 rtrel

53 3887 236 3976 ψηφίσαι
257 3885 390 3972 νεώτερον·
414 3884 531 3971 quibus
554 3883 586 3948 in
609 3884 712 3949 verbis
733 3883 829 3970 plane
848 3882 927 3947 illud
947 3882 1095 3969 ineptum

56 3991 156 4081 ἡμέρᾳ,
170 3991 255 4059 brte
270 3988 462 4056 mutandum
478 3988 510 4052 in
525 3987 667 4076 όσημέςαφ,
683 3987 776 4074 cujus
790 3986 864 4051 dure
884 3985 996 4073 primae
1019 3987 1095 4053 lite·

55 4097 98 4161 're
110 4095 153 4160 ab
167 4091 379 4159 antecedente
395 4090 526 4156 nomine
544 4095 650 4179 ἂγοςᾶς
664 4088 757 4154 facile
778 4087 895 4154 auferri
916 4089 1094 4174 potuerint.

55 4196 154 4284 Quod
174 4195 207 4261 in
225 4194 396 4260 Plutarcho
418 4207 453 4258 et
473 4193 605 4259 Stoboeo
624 4191 746 4257 dietum
764 4191 862 4256 exstat
881 4191 943 4254 fine
962 4191 1096 4256 nomine

57 4298 198 4386 ὁσημέραι,
221 4321 286 4365 non
313 4296 412 4364 debet
437 4294 542 4362 valere
570 4294 612 4359 ad
634 4292 761 4360 AEliani
789 4293 959 4378 rationem,
982 4295 1038 4384 qui
1062 4295 1095 4359 in

525 4415 616 4482 4⁰3
