2700 4928
187 340 246 406 ωε
377 332 475 393 nw.
495 330 702 391 anmnnv.
722 324 771 390 nr
790 328 1034 390 remanem-

188 513 282 580 pore:
314 494 481 560 Periander
504 494 584 559 obiit
607 494 738 581 Olymp.
759 495 913 558 XLVIII.
930 513 964 575 4.
1003 491 1104 558 Solon
1123 491 1203 581 leges

187 595 261 660 tulit
279 596 523 661 Atheniensrhus
544 595 676 682 Olymp.
692 597 812 660 XLVI.
828 615 859 659 a.
875 595 916 659 de
934 617 1001 681 quo
1015 609 1050 660 et
1065 595 1200 661 Corfinus

185 697 299 761 docere
313 696 513 761 dubitantem
534 708 658 780 poterat
674 697 751 760 Fan.
767 696 870 760 Attic.
884 695 960 760 Vol.
978 697 1042 760 111.
1057 717 1091 782 p.
1106 698 1154 781 85.
1169 694 1197 760 et

185 801 237 882 76.
275 797 424 862 Solonem
438 797 514 861 odio
528 796 703 884 tyrannidis
719 797 859 861 Pisrstrati
874 796 1014 862 Athenis
1032 797 1193 885 fugientem

184 898 267 986 apud
290 898 493 962 Periandmm
512 896 661 961 Corinthi
682 897 782 978 fuisse,
798 912 904 963 narrat
915 898 1005 962 Dion
1021 898 1133 986 Chrys.
1145 897 1190 962 Or.

183 1001 358 1064 XXXVII.
378 1020 411 1084 p.
425 1012 500 1082 455.
516 1000 560 1064 D.

112 1147 115 1152 ,
143 1110 151 1121 ”
226 1104 287 1165 Res
308 1100 372 1186 ipsa
392 1099 542 1178 declarat,
558 1099 752 1184 propositum
777 1099 937 1164 Plutarchi
959 1122 1027 1165 non
1040 1099 1136 1180 fuisse,
1148 1097 1190 1162 in·

182 1203 328 1267 teriorem
356 1201 551 1289 sapientiam,
574 1224 624 1266 res
645 1203 757 1287 gestas,
782 1203 872 1282 vitas,
896 1203 1087 1289 sapientum
1107 1222 1186 1288 expo·

182 1325 271 1367 nere:
294 1301 563 1367 sedinllitutionis
577 1315 610 1366 et
624 1324 748 1365 monrm
764 1303 898 1367 sormam
914 1303 947 1367 in
964 1304 1108 1368 convivio
1119 1317 1184 1368 tam-

180 1426 277 1490 quam
299 1404 330 1467 in
353 1403 495 1467 dramate
517 1403 687 1479 ostendere,
709 1403 814 1488 quoad
827 1403 959 1490 quidem
978 1404 1112 1469 convivii
1125 1405 1184 1467 finer

180 1505 318 1584 serrent3
341 1517 379 1567 ut
393 1504 436 1568 ita
450 1502 781 1566 libellumconlicerct
799 1503 884 1568 lectu
903 1525 979 1568 cum
995 1505 1182 1581 fructuosum,
1226 1550 1228 1555 ,

181 1620 249 1670 tum
260 1604 453 1693 jucundum.
478 1604 628 1668 Convivia
636 1603 704 1689 jam
718 1603 792 1666 inde
805 1606 846 1668 ab
860 1604 997 1670 hernicis
1009 1606 1182 1693 temporibus

179 1706 330 1771 crantvel
345 1705 470 1792 publice
489 1704 539 1768 vel
560 1704 701 1790 privatim
725 1727 800 1768 cum
822 1706 904 1770 sellis
923 1706 1037 1773 diebus
1054 1723 1088 1773 et
1106 1707 1181 1772 rebus

178 1807 272 1871 sacris
286 1806 473 1893 conjundla:
497 1805 616 1890 privata
630 1805 744 1869 deinde
757 1806 842 1891 apud
860 1807 1029 1873 Cretenses
1048 1823 1080 1874 et
1098 1811 1179 1874 Iatr-
1223 1810 1228 1879 ἑ

178 1908 353 1973 daemonios
371 1906 511 1970 instituta
524 1905 649 1991 legibus
665 1905 798 1969 συσσίτια
811 1922 844 1971 et
858 1908 986 1989 φιλῖτιαι
1009 1911 1041 1972 in
1062 1908 1178 1996 philoso-

177 2011 314 2096 phorum
333 2011 429 2075 etiarn
452 2010 579 2073 familiis
599 2022 725 2095 recepta
739 2023 773 2073 et
786 2011 953 2089 celebrata,
968 2012 1091 2077 ratione
1104 2025 1180 2097 atquo

176 2110 285 2176 officiis
299 2111 465 2196 descripta,
481 2112 597 2194 quibus
610 2111 684 2174 suus
703 2111 733 2174 in
749 2111 946 2197 philosophia
965 2113 1057 2178 locus
1077 2114 1177 2179 consta·

175 2215 249 2294 bat3
277 2226 313 2277 ut
334 2211 510 2297 philosophi
532 2211 601 2275 laus
619 2212 790 2276 haberetur
802 2217 969 2295 συμποτικὸν
984 2215 1060 2294 eluar,
1075 2215 1113 2280 de
1128 2233 1179 2301 quo

174 2315 216 2377 est
238 2311 384 2377 Arcefilae
404 2309 524 2374 distum
547 2312 633 2396 apud
657 2312 862 2378 Plutarchum
884 2315 936 2379 De
958 2317 1009 2380 Ira
1024 2317 1136 2382 Cohib.
1154 2336 1177 2401 p·

172 2413 247 2492 461.
262 2410 303 2474 C.
339 2409 397 2472 Nil
418 2409 532 2472 attinet
548 2431 633 2473 nunc
647 2413 806 2476 recensere
821 2412 973 2476 Convivia
988 2414 1178 2501 Philosopho-

173 2533 245 2576 rum
264 2523 338 2574 ante
359 2509 561 2575 Plutarchum
582 2511 697 2597 scripto
721 2514 914 2599 confignata‚
936 2537 1075 2600 quorum
1094 2539 1111 2581 e
1129 2537 1179 2579 nu·
1226 2588 1228 2593 ¹

172 2636 260 2680 mero
283 2613 445 2701 supersunt
469 2613 693 2698 Xenophontis
716 2627 748 2677 et
775 2613 913 2678 Platonis
934 2614 1027 2680 libri:
1058 2618 1128 2682 satis
1146 2613 1182 2680 est

171 2713 429 2793 animadvertisse,
453 2712 657 2777 Plutarchum
680 2714 761 2778 hanc
783 2714 868 2777 redte
889 2714 1076 2780 convivandi
1096 2717 1182 2781 ratio·

171 2840 245 2881 nem
258 2816 438 2882 hominibus
453 2815 553 2880 doctis
575 2815 815 2888 convenientem
837 2814 996 2881 tradidisse
1018 2840 1129 2883 norem
1148 2817 1183 2882 li-

168 2919 232 2982 bris
248 2918 518 3003 Sympofiacamm
533 2917 769 3002 Quaestionum
793 2937 871 3001 quas
887 2917 906 2979 sr
923 2917 995 3002 quis
1015 2919 1140 3006 legerit,
1159 2919 1184 2982 is

167 3019 311 3104 profecto
332 3040 395 3081 non
418 3017 576 3081 dubitabit
590 3038 665 3080 eum
689 3015 785 3100 hujus
807 3039 934 3103 quoque
956 3021 1034 3083 VII.
1056 3023 1183 3107 Sapien-

166 3131 236 3182 tum
252 3117 395 3182 Convivii
409 3119 591 3202 scriptorem
605 3117 686 3180 esse:
708 3116 835 3202 ejusque
857 3119 1012 3187 scribendi
1026 3123 1099 3187 satis
1117 3124 1185 3188 ido-

165 3240 257 3283 neam
272 3219 302 3282 ei
317 3219 406 3282 scrisse
419 3217 565 3293 caussam,
579 3228 617 3280 ut
628 3216 815 3296 ostenderet,
826 3220 989 3304 quomodo
1003 3244 1184 3290 accommo-

165 3321 237 3385 date
265 3318 305 3383 ad
335 3319 472 3405 ipsorum
502 3316 683 3402 sapientiam
712 3332 745 3381 et
770 3319 874 3383 mores
901 3321 1007 3386 officio
1036 3326 1184 3391 convivali

164 3421 264 3487 sundti
289 3421 405 3499 ell'ent3
436 3420 455 3481 sr
480 3418 620 3504 quidem,
647 3419 732 3505 quod
761 3422 942 3507 Xenophon
972 3423 1005 3488 in
1031 3428 1184 3516 principio

163 3522 316 3613 Sympofii
329 3521 505 3608 profitetur,
518 3518 654 3583 virorum
669 3522 825 3586 bonomm
840 3523 1108 3614 honestorumque
1120 3552 1183 3594 non

162 3625 262 3692 solum
275 3623 363 3701 seria,
379 3621 431 3685 sed
445 3636 478 3685 et
491 3620 621 3702 ludicra,
638 3623 735 3708 digna
750 3625 833 3703 sunt,
843 3647 914 3710 quae
929 3630 1095 3694 memoriae
1109 3653 1182 3717 pro·

162 3731 287 3796 dantur.

203 3837 332 3919 Septem
357 3827 409 3892 ille
438 3825 623 3912 Sapientum
648 3848 798 3890 numerus
821 3840 927 3891 utrum
949 3828 1092 3913 ipsorum
1115 3835 1182 3922 jam

160 3947 255 3999 aetate
280 3955 320 3996 an
343 3929 447 4016 postea
472 3927 602 3992 demum
631 3925 806 3991 celebratus
830 3929 876 4007 fit,
902 3930 1127 4001 conviviumne
1149 3953 1182 4003 et

156 4049 347 4101 conventum
366 4027 536 4115 aliquando
556 4027 689 4091 invicem
712 4028 890 4108 habuerint,
912 4030 955 4093 nil
978 4035 1122 4116 pertinet
1141 4037 1181 4103 ad

156 4137 363 4202 scribentem:
387 4132 462 4197 huic
483 4129 555 4194 satis
576 4131 629 4207 est,
653 4130 692 4193 fic
714 4129 889 4216 antiquitus
908 4131 1062 4198 traditum
1077 4137 1177 4204 fuisse.

155 4241 196 4304 Et
217 4257 289 4302 vero
311 4247 416 4301 totum
436 4233 498 4297 hoc
517 4252 620 4317 genus
640 4229 773 4294 historiae
787 4230 940 4296 traditum
963 4233 997 4298 iu
1019 4237 1176 4306 Veterum
