2700 4928
360 355 415 419 DE
435 360 752 423 SUPEnsrl'noNa.
774 362 875 439 ροσο.
885 359 925 432 1),
937 360 971 421 Ε.
1104 364 1177 423 1011

141 517 289 586 versariis
311 520 391 586 maia
413 538 524 588 notata
544 525 736 610 occuparit:
766 523 846 588 illud
867 523 900 587 in
924 522 1084 588 Plutarchi
1105 523 1179 589 loco

141 620 304 708 Ιλιοθεςίαν
317 627 478 707 ἀπογνοῦσι,
494 646 558 688 non
573 625 646 689 satis
659 624 843 710 expeditum
857 623 994 711 judicat,
1010 623 1099 708 quod
1112 644 1177 689 non

142 738 299 808 appareat
325 723 402 808 quid
431 724 472 787 ad
504 723 719 789 venditionem
751 722 985 810 impetrandam
1018 723 1178 808 pertinere

138 822 240 908 polilt
256 823 409 891 libertatis
423 824 610 910 desperatio.
645 826 748 912 Atqui
763 847 822 890 nec
838 825 1025 890 Plutarchus
1042 825 1086 889 ita
1101 847 1177 911 pro·

144 925 280 989 nunciat
301 941 339 989 ut
357 926 512 990 libertatis
531 926 709 1012 desperatio
720 925 770 991 vel
789 925 949 992 abdicatio
970 925 1001 990 in
1025 938 1177 1013 perpetu-

141 1046 217 1104 um,
238 1026 385 1092 habuerit
402 1029 466 1092 vim
488 1029 681 1093 conditionis
700 1029 741 1093 ad
763 1028 996 1114 impetrandam
1018 1027 1176 1094 venditio-

146 1148 244 1192 nem:
267 1128 320 1192 sed
334 1141 371 1193 ut
385 1129 598 1193 cantitarent
615 1130 764 1208 efficiens,
779 1128 932 1215 fiquidem
946 1129 1021 1194 servi
1037 1152 1102 1194 nou
1116 1129 1177 1194 ali-

145 1246 201 1289 am
225 1227 383 1291 rationem
403 1227 549 1295 ‚videntes
571 1228 744 1315 effugiendi
768 1228 930 1313 prasentia
953 1227 1087 1308 domini,
1111 1250 1175 1292 non
1223 1224 1227 1231 ’

143 1324 279 1411 quidem
299 1328 480 1394 libertatem
501 1328 535 1394 in
557 1343 748 1415 perpetuum
769 1327 963 1414 abjurarent,
982 1329 1035 1393 sed
1057 1329 1178 1395 interea

141 1424 225 1489 dum
238 1449 312 1494 cam
330 1430 501 1514 sperarent,
516 1451 575 1493 nec
592 1429 669 1493 dum
684 1428 845 1493 consecuti
864 1428 975 1508 essent,
988 1431 1175 1516 praesentem

144 1527 331 1593 servitutem
354 1552 429 1594 cum
451 1530 513 1594 alia
535 1530 681 1594 servitute
701 1540 950 1594 commutarent.
983 1531 1026 1593 Et
1046 1553 1120 1595 vero
1142 1532 1175 1596 in

144 1626 210 1692 hoc
224 1628 308 1693 libro
321 1652 385 1694 non
399 1631 507 1695 omnia
529 1630 570 1694 ad
592 1629 791 1694 dialecticam
808 1628 1005 1694 severitatem
1020 1627 1177 1716 exigenda

144 1729 242 1807 sunt3
276 1730 534 1816 quandoquidem
564 1729 753 1794 Plutarchus
779 1752 844 1794 non
870 1729 975 1817 magia
997 1729 1177 1818 philosophi

143 1850 246 1916 qrram
268 1831 401 1895 oratoria
422 1831 586 1917 personam
601 1831 746 1917 suscepit.
784 1829 920 1895 Fortasse
939 1830 1035 1895 etiam
1057 1831 1178 1918 aliquid

146 1952 256 1997 morea
269 1931 302 1995 in
318 1931 379 1997 hac
393 1932 464 2018 lege
479 1931 670 1999 mutaverint
677 1957 687 2011 3
711 1931 864 2017 siquidem
877 1944 909 1997 et
926 1945 1002 1997 ante
1016 1932 1177 2005 Plutarchi

145 2043 278 2097 ertatem
285 2031 356 2118 jam
370 2033 456 2118 apud
469 2033 548 2097 alios
562 2055 689 2118 quoque
701 2032 800 2101 valuit
811 2032 960 2118 populos,
973 2045 1012 2098 ut
1025 2033 1177 2122 colligere

144 2130 226 2199 tioet
245 2155 285 2197 ex
308 2134 448 2198 Philonis
470 2134 542 2200 loco
562 2136 614 2199 De
635 2134 714 2198 Vita
733 2134 917 2222 Contempl.
940 2157 973 2225 p.
989 2136 1063 2223 892.
1079 2138 1121 2203 C.
1142 2150 1177 2203 et

144 2233 253 2320 postea
269 2234 426 2298 Antonini
440 2234 571 2299 Caesarie
586 2234 749 2320 Rescripto
765 2236 898 2323 probata
914 2258 952 2302 ac
968 2250 1109 2323 recepta,
1125 2259 1176 2304 re·
1239 2310 1244 2320 ,

146 2330 214 2399 lata
227 2333 307 2398 item
321 2335 364 2398 est
378 2357 398 2399 a
410 2334 585 2401 Justiniano
600 2334 738 2400 institut.
755 2338 782 2399 l.
798 2337 829 2401 8.
843 2354 874 2404 2.

192 2437 267 2500 166.
282 2436 326 2499 D.
353 2439 424 2521 παρ’
445 2434 480 2498 ὧν
500 2436 654 2518 αἰτούμεθα
674 2436 960 2525 σλοῦσον-ἆρίςονν.]
985 2437 1181 2539 Publlcaead
1295 2512 1298 2517 ,

146 2536 240 2603 Deos
258 2536 361 2621 precis
376 2538 445 2601 haec
465 2538 507 2600 et
523 2538 654 2602 materia
669 2539 775 2624 potius
791 2561 888 2625 quam
902 2539 1060 2618 formula3
1081 2542 1176 2629 quip-

145 2656 190 2723 pe
204 2633 252 2700 nil
266 2635 363 2701 habet
378 2637 411 2700 in
429 2639 523 2701 rebus
545 2637 671 2718 insoliti,
693 2659 753 2703 nee
771 2639 803 2702 in
824 2639 924 2705 verbis
943 2641 1056 2726 prisci3
1079 2642 1175 2728 liqui·

147 2736 223 2803 dem
238 2749 272 2801 et
285 2736 400 2822 ὅρᾶωοις
413 2759 471 2823 pro
486 2737 655 2821 κατόρθωσος
669 2739 847 2824 usurpatur.
870 2740 979 2824 Atque
992 2740 1039 2809 ita
1052 2740 1177 2806 Plutar-

146 2838 230 2904 chua
256 2837 332 2902 alibi
358 2859 490 2924 precum
518 2838 683 2902 materiam
710 2839 853 2924 attingit,
878 2863 907 2903 v.
924 2861 955 2903 c.
979 2861 1014 2924 p.
1034 2841 1108 2906 688.
1130 2844 1175 2907 A.

149 2932 246 3022 1664.
260 2942 305 3006 D.
324 2958 415 3024 1077.
430 2941 474 3005 C:
498 2955 531 3005 at
546 2939 735 3005 nominatim
750 2939 896 3026 quaedam
910 2939 1055 3005 formulae
1070 2943 1176 3025 verba,

149 3062 169 3113 ν
215 3090 224 3107 .
238 3045 281 3109 Α.

168 3063 266 3207 ³i66.
282 3144 320 3206 F..
342 3143 421 3221 Δονή
437 3167 480 3216 τις
500 3143 628 3227 ἀνδρὶ-]
655 3141 742 3205 Hinc
755 3139 788 3204 in
803 3142 960 3226 Excerpta
975 3143 1174 3211 Incertorum

146 3242 358 3330 Tragicomm
373 3243 481 3306 retulit
496 3242 626 3307 Grotius
640 3263 674 3328 p.
685 3243 765 3325 465:
789 3253 824 3304 at
841 3239 907 3326 ipsa
928 3241 1025 3308 dictio
1047 3244 1175 3332 Euripi-

147 3340 222 3409 dem
247 3343 373 3428 prodit;
404 3342 456 3406 cui
471 3342 583 3429 procul
598 3341 696 3406 dubio
712 3341 770 3406 hoa
784 3341 889 3405 versus
902 3343 1086 3409 tribuendos
1099 3366 1176 3432 pro·

148 3443 313 3509 nunciavit
327 3442 557 3508 Valckenarius
578 3441 617 3505 ad
640 3440 785 3506 Phoeniff.
800 3461 876 3528 393.
909 3444 1018 3530 Atque
1035 3445 1175 3533 ejusdem

149 3543 307 3609 simillima
320 3544 362 3607 est
377 3543 531 3607 sententia
551 3542 583 3607 in
605 3542 734 3621 Medea,
752 3562 815 3627 54:
839 3547 972 3629 Χροςοῑσο
987 3545 1089 3620 δούλοις
1102 3550 1175 3630 ξομ·

146 3650 219 3733 φορὰ,
230 3650 270 3709 σοὶ
283 3647 417 3708 δεσποτῶν
431 3650 533 3732 Κοινῶς
549 3651 700 3706 vinnam
716 3643 762 3706 aul
778 3651 876 3730 φρονῶν
890 3644 1061 3725 ἀνθᾶσῖοταο.
1098 3647 1176 3712 Inde

149 3749 311 3837 profectus
333 3748 498 3813 Philemon
520 3769 572 3832 ap.
588 3748 678 3813 Stob.
693 3746 758 3811 Tit.
774 3748 844 3810 LX.
867 3768 899 3834 p.
914 3749 998 3833 384:
1022 3749 1119 3839 Κανον
1134 3753 1175 3822 ἐςι
1297 3760 1301 3775 “

149 3851 234 3937 dtu'Aqr
248 3848 377 3925 δεσπότης
392 3848 529 3935 πράσσων
543 3856 644 3921 κακῶς·
668 3846 808 3932 Μντέχεον
822 3848 932 3932 ἀνάγκη
945 3856 999 3917 τῶν
1012 3855 1104 3912 κακῶν
1116 3855 1177 3935 γὰρ

146 3953 264 4038 γῐνποο·
287 3973 384 4037 quem
401 3965 582 4036 opportune
598 3949 746 4013 Kusterua
760 3948 952 4033 comparavit
966 3971 1040 4012 cum
1054 3949 1175 4015 Aristo-

148 4052 263 4140 phanis
278 4050 362 4115 Pluti
376 4050 479 4129 initio,
496 4053 528 4113 in
544 4071 608 4135 quo
623 4047 719 4135 hujus
732 4048 826 4135 ipfiua
839 4048 1018 4134 Euripideae
1028 4046 1176 4113 diationis

145 4152 279 4240 'parodia
292 4165 435 4238 apparet,
448 4154 500 4224 Ὡς
512 4152 652 4239 ἀςγᾶλεον
666 4153 781 4235 πρᾶγμ’
797 4153 863 4229 ὲςνν,
877 4147 899 4213 vl
914 4155 967 4213 Ζεῦ
981 4151 1003 4236 ²8
1017 4151 1087 4231 θοοὶ,
1102 4158 1175 4214 Δοῦ-

147 4268 195 4317 λον
208 4253 330 4338 ysaiam
343 4259 579 4337 παραφρονοῦντος
593 4251 765 4315 δεσπὸσο-.

624 4371 644 4435 3
658 4371 680 4413 Τ
696 4370 715 4420 2
