2700 4928
229 109 382 169 surram
397 109 573 172 sarram.
587 111 753 171 couvrv.
768 112 910 188 arros.
1020 118 1080 185 9³7

59 268 93 333 iu
108 268 252 337 Platonis
267 271 419 337 Convivio
441 274 568 338 sedebat
582 277 736 351 Socrates,
759 273 863 358 postea
881 270 1030 337 accubuit
1052 293 1085 357 p.
1160 294 1166 307 ·

58 371 135 454 316.
149 372 197 452 D,
211 375 251 463 Ε
291 374 398 438 Refert
410 375 588 439 Athenaeus
602 399 640 440 ex
657 374 861 460 Hegesandro
876 377 903 438 I.
921 394 955 459 p.
969 373 1019 437 18.
1033 375 1062 435 A
1074 398 1084 437 t

56 493 182 535 morem
200 473 288 537 fuisse
302 473 532 554 Macedonum,
548 491 585 539 ut
599 498 693 540 nemo
713 477 744 538 in
768 497 858 539 coena
872 475 1086 551 accumberet,

55 571 110 634 nifi
127 572 185 658 qui
200 596 312 659 aprum
327 590 415 639 extra
430 577 508 639 retia
525 576 747 640 interemisset:
772 575 857 661 quod
873 575 928 661 qui
942 573 1085 637 nondum

56 673 214 753 fecissent,
238 698 293 739 eos
316 676 457 741 sedentes
481 679 634 743 coenasse:
664 678 763 763 igitur
788 676 1003 754 Cassandrum,
1027 676 1085 738 tri-

54 777 151 864 ginta
165 778 306 865 quinque
321 801 421 844 annos
437 795 560 858 natum,
578 780 718 863 nondum
735 795 841 844 tamen
857 802 896 843 eo
915 768 1086 842 certamine

55 878 263 958 desunstum,
293 880 378 963 apud
406 894 527 966 patrem
561 881 719 946 sedentem
752 867 912 944 coenasse.⁹
940 880 1087 943 Heroicis

55 978 260 1064 temporibus
283 980 463 1045 adfidebant
486 981 526 1045 ad
548 983 700 1058 mensam,
726 981 830 1066 postea
851 979 980 1043 demum
1004 982 1085 1043 cres-

53 1095 152 1143 cente
181 1077 306 1144 lururia
329 1082 515 1145 accumbere
540 1096 726 1167 coeperunt:
750 1080 838 1166 quod
860 1081 975 1166 partim
1000 1080 1086 1144 idem

55 1194 154 1245 notat
174 1181 353 1246 Athenaeus
375 1205 407 1268 p.
420 1200 470 1265 17.
485 1186 524 1246 Ε.
553 1183 643 1247 Philo
657 1182 732 1248 lud.
748 1184 799 1246 De
814 1182 951 1266 Josepho
966 1203 998 1266 p.
1008 1198 1085 1265 555.

57 1281 98 1346 C.
138 1282 214 1346 Fuit
234 1295 267 1346 et
288 1283 373 1368 apud
392 1286 552 1349 Romanos
565 1297 654 1349 vetus
676 1285 728 1348 hic
750 1307 821 1348 mos
837 1284 868 1347 in
884 1285 1084 1369 junioribus:

58 1378 98 1444 de
113 1402 182 1465 quo
198 1381 369 1446 Suetonius
384 1383 416 1445 in
432 1381 568 1446 Claudio
581 1402 644 1467 32:
668 1383 840 1446 Adhibebat
857 1383 932 1446 omni
952 1406 1043 1445 eoerrae
1058 1395 1086 1444 et
1123 1457 1131 1473 .
1196 1468 1199 1474 ,

60 1480 243 1565 libercsfieos
254 1505 316 1543 cum
327 1483 428 1568 pueris
442 1481 601 1570 puellisque
616 1484 772 1561 nobilibus,
789 1483 839 1569 qui
852 1507 928 1546 more
941 1484 1033 1546 aerei
1046 1485 1090 1546 nd

53 1581 157 1667 fulera
178 1581 315 1646 sessorum
326 1584 461 1669 sedentes
481 1585 682 1669 vescerentur:
705 1585 760 1650 ubi
779 1584 819 1647 de
840 1585 902 1648 hoc
921 1585 978 1647 usu
997 1607 1085 1670 quae-

63 1683 135 1748 darn
157 1683 323 1747 annotarit
341 1685 546 1749 Torrentius:
570 1699 603 1748 et
617 1684 656 1747 ad
671 1684 773 1749 Taciti
786 1683 904 1747 Annas.
922 1685 1015 1748 XIII.
1034 1688 1084 1749 16.

61 1785 194 1873 Lipsius,
218 1786 309 1870 supra
330 1785 488 1850 laudatus.
531 1789 572 1849 Et
594 1809 665 1850 vero
689 1787 829 1849 Foeminae
851 1811 914 1848 eum
935 1787 1010 1848 viris
1033 1812 1085 1852 cu-

62 1885 199 1950 dentibus
209 1888 344 1972 sedentes
359 1888 550 1966 coenitabant,
571 1902 609 1951 ut
630 1887 675 1951 ait
692 1887 838 1951 Valerius
860 1886 1021 1951 Maximus
1040 1890 1085 1953 II.

64 2008 90 2052 1.
105 2007 138 2055 2.
162 1986 215 2052 sed
237 1988 424 2074 antiquitus,
448 2012 521 2052 nam
543 1990 598 2053 suo
619 2003 762 2074 tempore
783 2011 903 2052 morem
924 1989 1086 2054 exolevisse

62 2090 173 2154 tradit:
198 2088 238 2153 de
254 2111 317 2174 quo
333 2089 416 2153 idem
432 2090 553 2175 Lipfius
567 2089 607 2152 ad
619 2091 721 2153 Tacit.
736 2090 854 2153 Annal.
870 2093 930 2155 XI.
947 2110 977 2158 2.
993 2114 1084 2178 egre·

59 2190 113 2276 gia
126 2188 245 2254 docet:
268 2190 320 2253 cui
339 2189 473 2255 addatur
487 2190 734 2254 Elmenhorsiius
748 2189 789 2254 ad
809 2192 960 2278 Appuleii
974 2194 1083 2258 Meta-

61 2292 190 2378 morph.
208 2293 235 2354 I.
255 2309 302 2375 17.
325 2313 358 2377 p.
373 2308 426 2375 70.
449 2291 527 2357 edit.
551 2291 757 2377 Oudendorp.
795 2292 858 2356 Sed
881 2294 942 2356 hoc
963 2308 1002 2358 ut
1023 2296 1085 2360 alia

61 2393 92 2457 in
116 2393 332 2483 conviviorum
358 2393 421 2456 ritu
445 2415 464 2457 a
487 2393 608 2456 Graecis
629 2393 747 2457 fluxisse
768 2393 911 2458 videtur:
940 2408 977 2458 ut
998 2395 1086 2460 haud
1140 2397 1149 2418 '

61 2509 184 2559 temere
205 2492 335 2580 conjicit
355 2494 459 2558 Aldus
483 2494 650 2558 Manutius
675 2496 726 2557 De
747 2494 891 2579 Quaesitis
913 2497 969 2558 Per
989 2495 1087 2580 Epist.

63 2598 90 2659 t.
104 2619 138 2676 4.
156 2596 188 2659 in
211 2596 339 2660 Gruteri
356 2598 435 2659 Face
451 2595 532 2659 Crit.
548 2597 589 2658 T.
604 2596 660 2658 IV:
674 2617 707 2680 p.
724 2614 795 2678 199.
823 2594 984 2658 Caeterum
999 2596 1086 2681 quod

60 2699 105 2762 vir
117 2699 233 2764 dosius
249 2698 334 2762 hunc
350 2697 508 2761 Plutarchi
522 2697 635 2760 librum
652 2718 709 2780 pro
726 2695 828 2780 spurio
839 2695 971 2772 habens,
987 2697 1081 2783 igno-

63 2802 216 2866 rationem
239 2800 360 2886 antiqui
384 2800 479 2863 moris
496 2799 612 2876 censet,
632 2799 779 2862 mulieres
795 2798 826 2861 in
841 2797 1018 2863 convivium
1034 2799 1083 2863 in-

65 2900 148 2980 duci,
172 2901 267 2966 facile
289 2901 452 2965 refellitur.
495 2888 645 2978 Primum,
660 2922 724 2984 quo
746 2899 778 2962 iu
800 2899 908 2985 primis
927 2900 1084 2980 nituntur,

64 3001 174 3089 Nepos
188 3004 220 3066 in
244 3002 431 3068 Praefatione
447 3002 492 3064 ait
509 3001 655 3065 mulieres
673 2991 711 3063 iu·
726 2999 845 3063 Graeein
866 3025 957 3087 neque
971 3002 1002 3066 in
1017 3027 1084 3066 ecn-

65 3102 178 3167 vivium
200 3103 336 3166 adbiberi
355 3103 412 3186 rifi
426 3103 674 3188 propinquorum:
700 3115 786 3166 certe
807 3101 878 3164 haec
899 3103 1085 3187 propinqui·

67 3218 110 3267 tas
130 3203 172 3268 ad
194 3203 351 3267 Melissam
374 3201 536 3288 pertinuit.
573 3202 635 3265 Sed
655 3202 787 3265 omnino
807 3224 870 3265 non
892 3202 1084 3267 abhorruisse

68 3301 123 3368 hoc
149 3327 170 3368 a
198 3306 384 3368 Graecorum
412 3303 563 3379 moribus,
591 3324 664 3365 cum
689 3300 817 3365 aliunde
843 3317 985 3387 apparet,
1015 3316 1084 3368 tum

70 3406 236 3486 constater:
251 3404 421 3468 Plutarcho
436 3404 490 3489 qui
504 3403 648 3489 Sympos.
661 3404 737 3467 VII.
753 3424 785 3487 p.
801 3419 873 3484 712.
890 3403 926 3463 E.
942 3418 969 3464 et
983 3425 1085 3466 uxeres

63 3507 183 3588 [rilinde
198 3518 226 3568 et
239 3505 399 3590 impuberes
414 3517 497 3568 natos
509 3528 570 3566 uno
584 3503 751 3588 acereluiffl,
767 3502 883 3567 scribit.
912 3506 953 3567 Et
966 3504 1084 3567 Calau-

70 3607 140 3672 boni
160 3622 246 3672 certe
273 3607 441 3672 austoritas
464 3604 571 3692 paucis
597 3605 696 3668 verbis
720 3603 888 3668 decernere
912 3604 1014 3686 possit,
1040 3602 1087 3668 ita

71 3707 239 3786 scribentiS,
261 3708 301 3771 ad
322 3709 516 3772 Athenaeum
541 3728 573 3792 p.
590 3708 650 3787 607
664 3730 672 3768 t
685 3706 720 3787 fi
739 3706 804 3791 quis
826 3703 942 3789 objiciat
960 3728 995 3765 ex
1011 3704 1084 3767 Cor·

69 3809 139 3873 aelio
160 3810 281 3896 Nepote,
292 3808 438 3894 foeminas
460 3808 491 3869 in
512 3806 649 3869 convivia
667 3828 742 3868 more
763 3804 935 3868 Graecorum
955 3827 1013 3865 non
1035 3806 1087 3891 eff:

65 3911 234 3992 adbibitas;
258 3913 290 3975 in
307 3924 424 3998 promtu
435 3911 510 3997 sunt
535 3909 705 3971 Graecorum
716 3907 894 3994 scriptorum
915 3903 1085 3992 testimonia,

63 4014 327 4130 puaetontrarium
337 4012 493 4100 sapifflme
503 4010 625 4097 sottum
639 4020 781 4095 arguant.
