2700 4928
287 339 348 414 916
410 354 417 369 ’
478 339 517 401 u.
528 340 579 400 W.
600 340 805 405 ANIMADV.
824 341 872 401 IN
891 334 1123 403 ramanent
1210 356 1221 387 -2

289 524 365 566 eum
379 502 410 567 in
426 493 535 589 primia
547 503 672 569 valuiti‘c
686 505 806 570 constat
811 526 821 584 3
844 516 882 569 ut
895 503 966 570 haec
980 504 1011 569 ei
1024 503 1106 569 ratio
1120 500 1309 569 verisimilior

289 603 458 682 tribuatur,
472 627 569 690 quam
582 603 692 684 altera,
712 619 747 671 et
768 606 919 691 probetur
934 603 1102 694 Xylandro
1114 620 1153 669 ac
1172 604 1306 670 Stanleio

290 702 372 767 Hist.
389 704 468 768 Phil.
482 706 520 769 Τ.
531 707 558 769 Ι.
572 726 605 791 p.
618 721 669 789 17.
684 721 721 770 ut
733 704 984 772 communissima
995 727 1034 769 ex
1047 704 1104 769 illo
1117 704 1304 770 theoremate

290 804 432 873 Euclidis
450 806 553 871 Elem.
573 808 632 870 VI.
647 827 680 887 4.
714 809 762 872 At
778 806 968 871 doeiiffimua
989 804 1145 891 interpres
1160 805 1301 881 Gelliam

291 904 338 973 ta
354 907 446 970 Porte
458 907 514 971 Du
528 906 632 986 Theil,
649 906 853 973 Plutarchum
868 907 1072 992 reprehendit
1094 906 1195 992 longa
1211 906 1301 973 anim·

291 1004 480 1083 adverfione,
501 1018 538 1071 ut
559 1027 671 1092 pamm
693 1007 846 1073 subtiliter
866 1007 899 1071 in
921 1006 1063 1072 Thaletis
1077 1007 1299 1091 rationeexp-

292 1105 396 1169 ncnda
408 1108 575 1186 versatum.
613 1114 636 1147 “
650 1110 737 1173 Nam
751 1109 797 1173 ita
814 1129 890 1173 eutn
908 1107 1007 1194 loqui,
1023 1107 1108 1192 quasi
1123 1106 1298 1192 'l'haleapu-

291 1213 317 1271 ‘.‘
333 1208 420 1272 tailet
433 1209 538 1294 neccsse
551 1209 604 1295 effi
618 1207 752 1273 baculum
766 1210 796 1273 in
808 1209 990 1273 extremitate
1001 1209 1118 1273 umbra
1133 1235 1152 1272 a
1165 1208 1299 1298 pyramide

291 1309 417 1394 “jacta
433 1311 526 1396 poni.-
549 1323 576 1374 et
589 1311 698 1398 apicem
711 1324 773 1375 tant
788 1310 951 1398 pyramidis
971 1334 1060 1397 quam
1080 1310 1184 1374 baculi
1200 1310 1238 1375 ab
1253 1333 1299 1373 m

291 1415 314 1447 “
329 1409 480 1497 codemque
493 1411 656 1499 radiofhlis
668 1411 840 1499 perstringi:
863 1433 999 1497 quorum
1015 1425 1191 1497 utrumque
1203 1412 1298 1479 falsum

291 1513 316 1579 ‘‚‘
328 1508 407 1588 effe3
431 1509 593 1595 siquidem,
615 1525 649 1574 et
666 1512 781 1577 baculo
801 1511 876 1577 alibi
897 1511 996 1597 pofito
1016 1511 1131 1576 cadem
1152 1511 1297 1599 proportio

292 1615 317 1649 “
331 1609 562 1696 triangulorum
577 1611 705 1677 existat:
730 1635 789 1679 neo
805 1634 887 1677 unua
903 1612 1051 1698 idemque
1065 1613 1173 1678 radius
1188 1611 1298 1681 sedduo

291 1717 314 1749 “
329 1706 433 1774 diveth
456 1711 534 1775 radii
555 1711 636 1789 solia,
660 1711 933 1800 alter-,pyramidis
953 1712 1193 1799 apicem-alter
1211 1708 1297 1779 baculi

291 1817 315 1883 ‘,‘
330 1811 452 1895 apicem
467 1811 711 1898 perstringant.''
748 1815 805 1891 At,
821 1812 908 1898 quod
922 1834 1001 1901 pace
1015 1811 1185 1879 doctissimi
1199 1813 1249 1879 viri
1258 1811 1296 1877 di·

290 1910 404 1989 cimus,
420 1911 464 1974 nil
478 1912 521 1975 est
535 1912 567 1975 in
584 1913 683 1978 verbis
704 1913 876 1992 Plutarchi,
891 1913 979 2000 quod
991 1913 1078 1977 issant
1095 1913 1127 1977 ei
1142 1912 1229 1985 sniffe
1241 1909 1295 1997 opi·

291 2011 420 2077 nionem
441 2024 566 2097 arguat.
596 2014 717 2098 -Neque
735 2013 821 2078 euim
836 2014 1070 2087 extremitatem
1083 2014 1296 2097 umbreapy«
1338 2038 1340 2087 ε

290 2112 410 2176 tumide
426 2111 523 2198 jacite
541 2127 579 2177 ut
596 2113 730 2189 unicum
743 2113 863 2191 locum,
882 2114 915 2179 in
927 2134 993 2201 quo
1006 2113 1082 2200 poni
1096 2113 1198 2200 posset
1214 2114 1295 2197 hposv.

290 2214 352 2289 lus,
371 2213 570 2291 memoravit,
590 2213 642 2279 sed
665 2219 832 2299 (quantum
846 2215 1035 2301 intelligitur
1048 2235 1089 2281 ex
1108 2213 1293 2302 perspicuitr·

289 2317 331 2380 tis
345 2315 457 2393 studio,
471 2318 559 2403 quod
580 2332 613 2381 et
635 2317 700 2402 ipse
719 2317 844 2383 secutus
858 2319 901 2381 est
919 2317 1121 2396 Plutarchus,
1142 2330 1178 2383 et
1191 2314 1293 2395 {ihelo-

289 2429 355 2487 tcm
371 2417 552 2503 sequentem
566 2417 703 2498 inducit)
728 2430 766 2482 ut
780 2417 978 2482 manifestum
1000 2419 1110 2483 locum
1127 2431 1164 2482 et
1177 2415 1293 2483 maxim

288 2621 376 2704 ἐπαφῇ
389 2624 437 2694 τῆς
450 2623 557 2692 ἀκτῖνος
571 2641 636 2682 non
651 2619 802 2705 significat
823 2621 945 2706 (jusdem
963 2619 1043 2683 radii
1061 2627 1157 2698 saara,
1174 2618 1224 2687 sed
1235 2636 1290 2685 0¹1·

288 2719 377 2797 nino,
393 2729 474 2785 toi'iu
488 2720 639 2785 radiorum
649 2720 907 2807 solis,splendorc
918 2719 1015 2806 solist
1043 2720 1126 2798 ita-i
1146 2721 1233 2800 derit,
1251 2738 1290 2780 ra·

288 2822 367 2898 dius,
379 2821 414 2885 in
427 2821 574 2908 fingulari
587 2844 727 2897 numero.
737 2823 875 2887 universe
888 2822 925 2883 de
938 2819 1048 2884 lumine
1054 2821 1132 2908 solis
1145 2822 1291 2906 usmpatut

286 2944 306 2985 a
326 2921 495 2988 Plutarcho
510 2926 562 2989 De
583 2925 676 2990 Facie
689 2925 722 2989 in
747 2925 832 2989 Orbe
847 2924 946 2988 Lunae
967 2944 1003 3009 p.
1015 2940 1091 3008 931.
1107 2924 1145 2988 E.
1183 2922 1292 2991 AEliant)

287 3024 363 3089 Var.
385 3025 465 3089 Hist.
479 3028 542 3092 111.
560 3047 588 3092 1.
613 3029 704 3093 XIV.
724 3025 773 3088 18.
810 3023 892 3088 Alioe
914 3024 1053 3093 rationes
1075 3025 1218 3095 solvendi
1233 3042 1295 3111 pto·

285 3123 433 3189 blematis
459 3126 566 3191 minus
587 3126 671 3191 arelo
690 3138 747 3188 aut
765 3141 841 3187 cum
867 3125 1071 3193 Geometrica
1092 3126 1234 3206 seientia,
1249 3127 1294 3188 aul

286 3248 362 3290 cum
389 3227 534 3292 Thaletis
566 3220 723 3293 facultate
748 3245 785 3293 ac
820 3224 919 3289 modo
949 3246 1126 3313 congruere
1156 3227 1294 3293 videam·

284 3328 395 3393 Veluti
409 3329 464 3399 illa
478 3329 579 3393 Plinio
592 3341 625 3391 et
638 3325 781 3419 Diogeni
801 3325 938 3411 prodita,
954 3348 1025 3413 quae
1040 3326 1174 3395 ducitur
1186 3350 1224 3395 ex
1235 3348 1297 3392 um·
1338 3402 1340 3411 Ι

284 3430 341 3495 bra
354 3431 495 3516 corporis
507 3429 564 3495 illo
578 3442 810 3512 temporeque
823 3429 936 3492 umbra
949 3428 1079 3513 aequalis
1092 3429 1136 3493 esi
1151 3422 1303 3507 altitudini

283 3532 439 3617 corporis:
463 3529 549 3617 quod
568 3542 695 3612 tempus
714 3540 862 3591 accurate
877 3551 916 3593 ex
930 3529 1096 3615 preceptio
1111 3531 1191 3595 arria
1199 3532 1306 3610 Allo»,

283 3633 418 3697 nomicae
437 3629 566 3695 desinire
585 3627 743 3691 difficilius
765 3627 890 3692 sortaffe
911 3628 1017 3707 luerit,
1033 3650 1132 3715 quam
1150 3652 1214 3715 pro
1223 3631 1310 3697 Tha,

282 3732 355 3797 letis
376 3730 595 3818 progreffibua‚
619 3740 657 3792 ut
682 3726 885 3793 verisimiliter
906 3742 1016 3792 monet
1038 3728 1192 3796 laudatus
1212 3731 1307 3797 inter·

283 3854 373 3920 pres:
398 3832 462 3897 solt
483 3843 591 3895 tamen
605 3828 819 3895 observatione
833 3843 867 3894 et
883 3828 1051 3894 oculorum
1075 3831 1168 3897 sensu
1189 3847 1312 3922 poterat

281 3932 440 4010 constitui,
462 3930 573 3995 circuli
591 3928 814 4015 descriptione,
830 3929 922 4015 cujus
936 3929 1041 3994 radius
1056 3933 1191 4016 aequalia
1206 3936 1243 4001 sit
1254 3920 1313 4000 bass

280 4036 369 4112 culo,
384 4034 438 4119 qui
460 4033 493 4096 in
515 4030 611 4114 hujus
625 4045 736 4096 centro
754 4032 795 4096 ad
811 4031 1074 4118 perpendiculum
1090 4035 1227 4122 ligatum
1248 4058 1312 4124 quo

279 4137 367 4211 enim
389 4148 532 4215 tempore
547 4130 668 4207 umbrae
687 4153 707 4194 a
724 4133 839 4197 baculo
855 4131 952 4218 jaciae
966 4133 1150 4197 extremitas
1164 4136 1313 4203 inciderit

276 4233 309 4313 in
330 4220 685 4322 peripheriam·ei'rouli,
708 4232 770 4298 hoe
792 4231 853 4297 erit
873 4248 1010 4319 tempm,
1027 4255 1092 4323 quo
1106 4257 1246 4324 corpora
1260 4261 1314 4320 ‚teg
