2700 4928
161 323 238 375 roso
299 310 694 373 D.W.AN1MA1>V.1N
713 305 946 370 PLUTARCHI
967 304 1043 366 tm.
1162 392 1168 403 ·
1218 294 1220 325 ²

154 475 325 563 conjuncta
343 476 403 539 effe
424 474 568 553 numina,
589 473 752 539 neminem
774 469 871 557 fugit.
908 468 977 533 Illis
998 466 1093 547 etiam
1113 460 1165 528 lui·

156 575 263 664 pendii
286 575 346 640 etse
369 574 642 651 communionem,
669 570 854 659 quibusdam
881 568 1007 633 indiciis
1030 564 1166 653 fignifica-

157 690 228 741 tur:
252 676 350 742 veluti
363 676 451 761 quod
466 691 570 741 narrat
585 675 801 740 Callimachus
815 671 902 759 apud
917 668 1115 736 Eustathium
1128 665 1168 728 0·

157 777 235 864 dyls.
252 779 301 840 M.
317 798 349 862 p.
364 794 465 860 1714:
490 775 536 855 soi
550 776 744 863 Καλλίμαχος
759 774 803 838 οὖν
821 777 848 836 ὲν
865 772 1043 854 ὑπομνήμασι
1055 766 1170 850 rir‘Ap·

156 904 233 960 τεμον
247 882 432 957 &wlfaro-liras
444 880 523 959 φησὶν
535 877 647 965 Ἐφέσῳ
660 883 708 964 olqi
728 873 859 960 Καΰςρεο,
878 871 1084 954 ὲκὸαλλομέννν
1095 871 1121 931 li
1133 868 1172 930 iri

155 985 202 1056 τῆς
216 983 356 1064 γυναικὸς,
375 982 407 1043 ri
426 981 476 1062 μὲν
489 989 603 1068 πρῶτον
616 977 783 1061 puadonis
797 980 881 1053 αὐτὴν
897 979 934 1049 εἰς
951 973 1033 1052 κύνα,
1047 970 1093 1041 tir'
1107 968 1174 1041 οῶθις

157 1081 311 1157 intricatur
331 1085 545 1156 ἄσοκοοταςῆσας
562 1085 597 1155 οἷς
615 1078 763 1166 ἄνθρωπον·
786 1077 808 1163 ’i
831 1079 915 1152 αὐτὴν
936 1076 988 1156 μὲν
1009 1076 1175 1157 αἰχονθῖοσνν

157 1183 199 1252 ἐπὶ
213 1185 253 1265 τῷ
265 1178 461 1263 σομὲεὸηκᾶτν,
477 1182 663 1264 &aristasius
685 1180 773 1256 elidi
793 1179 856 1241 θεὸν
874 1181 1042 1263 areptitium
1060 1174 1175 1258 ονύσῇσόν

157 1287 249 1345 οἰκεῖον
264 1282 377 1364 κόσμον,
390 1284 512 1360 Ἑκάτην
527 1283 668 1365 ὀνομάσας.
698 1283 741 1345 Et
754 1278 927 1365 conjunoia
940 1278 984 1342 est
998 1276 1104 1343 cauffa
1116 1273 1175 1338 cul·

156 1395 199 1448 tre
213 1383 299 1470 apud
314 1384 454 1448 Arcades
467 1384 624 1471 Ἀρτέμιδος
638 1378 838 1467 &amorrhis
852 1378 893 1443 de
904 1400 970 1464 qua
982 1376 1090 1464 prodit
1105 1376 1175 1440 Pau·

158 1484 258 1552 sanias
282 1485 378 1549 Vlll.
401 1504 453 1570 23.
477 1497 511 1549 et
535 1483 753 1548 Callimachus
779 1501 831 1566 ap.
861 1479 1066 1544 Clementem
1092 1476 1175 1542 Alex.

160 1586 319 1671 Protrept.
334 1609 367 1672 p.
382 1605 433 1667 24.
446 1585 474 1649 C
487 1610 495 1651 t
513 1584 645 1670 Ἄρτεμιν
658 1587 685 1646 δὲ
699 1583 844 1670 Ἀρκάδες,
857 1579 1080 1667 Ἀπαγχομένην
1091 1593 1175 1641 καλο-

157 1687 249 1769 μίννν,
265 1686 476 1776 spargimus,
492 1685 525 1761 ὥς
539 1705 603 1764 φησι
619 1684 824 1769 Καλλίμαχος.
854 1682 1019 1746 Caeterum
1034 1680 1129 1745 diffie
1140 1678 1176 1742 eii

20 1867 23 1873 ,
158 1787 309 1874 exquifita
322 1789 497 1874 eademque
513 1786 657 1873 Euripidi
670 1785 813 1850 adhibita
828 1783 976 1848 Phoenill'.
987 1803 1072 1869 331:
1093 1787 1176 1844 -ἀν-

157 1891 203 1973 ᾖξε
220 1888 270 1970 μὲν
288 1889 367 1965 ξίφεος
381 1889 445 1951 Ἐπ’
459 1887 608 1975 αότὸχεορᾶ
621 1914 651 1949 τε
667 1890 793 1970 σφαγὰν,
805 1886 892 1972 'Tarip
910 1882 1030 1971 τέςομνσι
1047 1886 1073 1946 τ’
1087 1881 1175 1968 aimi-

157 2015 216 2062 νας.
253 1987 305 2053 Sic
328 2004 361 2053 et
384 1989 473 2053 Philo
494 1989 571 2055 Jud.
594 1990 645 2053 De
667 1987 801 2052 Nomin.
824 1988 945 2051 Mutat.
972 2006 1006 2071 p.
1026 2002 1119 2070 1054.
1133 1985 1175 2048 Ar

158 2095 205 2164 τῆς
217 2089 267 2170 μὲν
281 2087 489 2175 φρονοὲλαὲείσς
505 2089 548 2153 οὖν
563 2095 611 2152 οὐκ
627 2095 661 2164 οἷς
680 2093 791 2176 μακρὰν
810 2089 890 2153 ἔδωκε
904 2093 953 2166 τὴν
965 2087 1128 2174 ἁςμὸζνσαν
1140 2084 1176 2148 li·

158 2211 216 2267 κην·
239 2193 294 2255 ἀπὸ
307 2192 364 2275 γὰρ
377 2193 479 2283 μικροῖς
493 2193 515 2276 'i
529 2196 576 2267 τῆς
593 2191 731 2276 τυχούσης
744 2190 910 2277 προφάσεως
924 2191 964 2252 ὕπ’
978 2189 1104 2274 ἀγχόνην
1116 2186 1177 2265 iffa.

157 2291 319 2355 Maximus
336 2291 450 2377 Tyrius
469 2291 548 2355 Diss.
564 2294 689 2356 XXVI.
705 2315 736 2377 9.
757 2315 790 2378 p.
802 2307 885 2376 ¹319:
909 2290 1067 2375 oi5pripuro4
1088 2292 1114 2352 ii
1133 2290 1177 2351 riri

155 2397 193 2453 ri
208 2391 301 2463 πάθες
321 2392 385 2475 πρὸς
406 2394 454 2468 τὴν
475 2388 657 2477 dipsa-{Eas
677 2394 704 2454 δὲ
724 2397 747 2454 oi
761 2395 886 2477 δοςπνχσῖς
901 2392 943 2452 ’erl
957 2391 1064 2478 βρόχον
1080 2391 1176 2463 πίσσης

156 2496 227 2569 ἑξῆς.
270 2489 395 2555 Similes
422 2513 496 2555 cum
522 2491 636 2556 eodem
663 2495 773 2557 Verbo
802 2492 956 2558 formulas
990 2508 1083 2558 notat
1111 2493 1174 2558 lib.

157 2591 409 2657 Hemllerhusrus
431 2593 471 2655 ad
492 2592 710 2680 Aristophanis
733 2594 815 2659 Plut.
839 2610 914 2678 732.
948 2593 1097 2680 Ejusdem
1118 2594 1174 2658 for·

156 2717 218 2758 mae
233 2695 274 2759 est
289 2694 376 2781 quod
390 2693 468 2758 dixit
486 2694 672 2759 Plutarchus
688 2698 739 2760 De
755 2695 885 2759 Mulier.
902 2696 986 2760 Virt.
1005 2719 1039 2783 p.
1053 2716 1124 2784 249.
1136 2697 1173 2760 B:

157 2797 384 2884 πάσαις-σορὸς
396 2797 520 2882 ἀγχόνην
534 2799 600 2882 ὁρμὴ
611 2800 755 2882 περιμανὴς
770 2796 893 2859 ira'mrrls.

199 2896 300 2961 Versu
322 2897 367 2958 11.
395 2889 553 2983 Puerperii
577 2919 704 2983 quoque
726 2895 861 2960 tutelam
885 2895 982 2960 habet
1006 2897 1120 2975 Diana,
1144 2907 1174 2959 ut

156 2996 301 3059 novimus
323 3017 362 3057 ex
386 2997 555 3061 Plutarcho
577 3019 609 3083 p.
627 2999 699 3076 264.
716 2997 756 3060 C.
778 2997 853 3080 658.
870 2997 907 3058 Ε.
927 3011 961 3060 et
975 2998 1087 3061 multis
1100 2997 1173 3062 testi·

155 3096 227 3169 bus,
249 3093 380 3178 Orpheo
403 3097 528 3182 Hymn.
544 3097 683 3160 XXXV.
697 3118 730 3177 4.
753 3097 952 3160 Callimacho
978 3100 1024 3162 H.
1041 3099 1073 3163 in
1088 3099 1173 3163 Dian.

158 3215 210 3280 23.
234 3196 287 3259 ubi
310 3210 343 3259 et
363 3196 442 3259 alios
465 3197 572 3261 citavit
598 3196 831 3280 Spanhemius:
861 3199 1008 3263 Cornuto
1030 3203 1082 3266 De
1105 3203 1174 3265 Nat.

158 3298 258 3365 Deor.
273 3317 306 3382 p.
320 3315 393 3380 232.
409 3297 472 3382 seq.
509 3295 670 3359 Eustathio
686 3297 726 3359 ad
743 3297 833 3361 lliad.
847 3303 886 3362 A.
904 3317 977 3381 270.
992 3323 1025 3387 p.
1042 3303 1114 3386 863.
1128 3303 1173 3364 61.

158 3399 221 3464 Sed
235 3411 269 3460 et
283 3396 402 3460 malurn
423 3419 459 3459 ac
481 3397 640 3461 difficilem
661 3411 787 3483 parturn
810 3400 985 3464 immittere
1005 3402 1132 3480 solebat,
1144 3413 1175 3464 ut

157 3513 247 3565 notat
263 3496 479 3563 Callimachus
496 3516 574 3580 1273
599 3498 766 3584 eidemque
785 3501 896 3564 subitae
910 3502 1084 3567 mulierum
1098 3525 1174 3567 mor·

158 3616 206 3665 tes
227 3599 461 3679 tribuebantur,
487 3615 618 3664 notante
642 3600 805 3665 Eustathio
832 3622 865 3687 p.
885 3604 961 3687 636.
982 3624 1017 3688 3.
1033 3608 1108 3689 637.
1131 3621 1173 3688 15.

160 3719 252 3783 1171.
270 3716 321 3784 25.
359 3701 403 3762 Et
423 3699 531 3763 finilia
554 3701 765 3786 Hippocrates
788 3724 819 3787 p.
838 3723 913 3786 303.
938 3719 970 3767 et
993 3707 1070 3789 562.
1095 3707 1176 3791 supra

156 3819 362 3877 memoratus.
398 3801 475 3868 Tale
490 3803 671 3888 exemplum
687 3824 849 3887 puerperae
864 3827 882 3867 a
895 3807 1054 3871 Daemone
1069 3821 1176 3871 vexata

147 3918 262 3984 ¹narrat
276 3903 390 3970 Psellus
408 3904 458 3967 De
473 3903 536 3986 Op.
555 3905 661 3967 Daem.
685 3926 717 3989 p.
738 3925 810 3968 101.
848 3908 883 3969 In
900 3909 1092 3988 ἁνακαόσσον,
1108 3908 1175 3973 cxci.-

155 4015 207 4078 νον,
228 4005 376 4081 incendat,
399 4002 553 4072 rationem
576 4002 745 4079 habuimus
766 4006 929 4069 sententiae
955 4022 989 4071 et
1013 4013 1176 4075 consuetu·

155 4101 257 4166 dinis:
286 4105 325 4193 lic
341 4103 498 4168 Plutarch.
517 4125 548 4188 p.
563 4104 655 4188 1089.
672 4106 723 4167 A:
747 4105 864 4192 dwanaip
878 4111 925 4183 τὴν
940 4106 1045 4191 iptio:
1070 4128 1102 4176 et
1118 4127 1175 4175 tm·

153 4200 218 4289 lata
239 4204 328 4267 notio
350 4205 484 4290 refertur
504 4202 602 4271 etiam
623 4204 664 4268 ad
686 4206 825 4289 Hecates
846 4208 930 4272 faces
953 4223 990 4273 ut
1005 4211 1038 4275 in
1054 4212 1176 4299 Sophos

454 4548 585 4592 A.
