2700 4928
188 327 269 389 nro
380 326 420 386 D.
432 327 482 385 W.
501 324 709 385 ANIMADV.
729 323 778 385 IN
798 322 1038 386 PLUTARCHI

189 491 301 556 aanor
315 489 421 554 sumfit
438 511 477 554 ex
496 488 573 554 Vita
587 510 674 554 nunc
688 488 815 576 perdita
835 487 935 578 hujus
955 488 1122 576 Scipionis
1139 490 1220 556 Airi-

188 592 260 657 cani
284 591 429 679 Majoris,
451 614 548 678 quern
567 605 606 658 ut
624 592 760 658 alterum
784 614 893 679 parem
911 591 1055 659 duarum
1078 593 1219 661 vitarum

187 694 271 760 libro
290 717 365 759 cum
392 693 615 780 Epaminonda
639 707 877 782 comparaverat
901 695 1112 762 Plutarchus.
1153 699 1218 763 No·

186 819 261 862 meu
282 796 314 860 iu
335 795 457 861 Graecis
476 796 566 862 libris
582 798 765 884 frequenter
785 796 930 862 scribitur
948 797 1105 879 Samias,
1120 812 1159 865 ut
1174 799 1218 865 bis

155 969 165 987 .
184 897 218 964 in
233 897 574 985 Apophthegmatibus
587 899 766 964 constanter
779 899 902 963 servant
914 900 946 964 J.
961 913 997 964 ct
1013 900 1114 967 Harl.

229 1001 301 1086 196.
316 1001 355 1064 B.
377 999 431 1086 a'.]
458 1003 506 1065 Ex
522 1001 647 1067 Catone
661 1001 758 1065 refert
779 1000 895 1067 Cicero
909 1001 1008 1067 Offic.
1026 1003 1094 1067 111.
1112 1023 1142 1068 1.
1159 1002 1213 1069 ini·

181 1101 248 1166 tio:
273 1100 416 1166 Publium
431 1101 603 1190 Scipionem,
625 1102 736 1167 Marce
745 1101 815 1190 fili,
830 1126 895 1166 eam
915 1104 969 1190 qui
991 1103 1110 1192 primas
1130 1105 1212 1194 Afri·

181 1229 273 1270 canas
287 1204 454 1294 appellatas
461 1207 519 1292 stt,
534 1206 628 1295 duere
633 1202 757 1293 solitum
760 1206 881 1295 scripsit
897 1207 986 1287 Cato,
1002 1208 1060 1297 qni
1068 1209 1140 1295 fait
1149 1211 1212 1298 sm

102 1306 105 1317 '
179 1308 241 1397 ejra
262 1307 401 1402 aeqaalir,
417 1308 589 1398 Numquam
600 1311 638 1396 se
651 1309 749 1373 minas
762 1309 880 1398 otiry'um
893 1310 946 1396 effa
961 1334 1055 1400 qnam
1069 1337 1134 1377 cuns
1147 1311 1210 1378 atio·

169 1409 238 1497 sas,
255 1433 306 1472 nec
319 1410 415 1474 minus
425 1409 525 1498 solam
540 1435 628 1498 quam
643 1435 706 1475 cum
716 1410 801 1498 solus
817 1411 894 1497 effit.

226 1515 298 1598 196.
309 1514 348 1579 B.
369 1515 425 1599 d]
449 1516 552 1602 Capta
565 1515 660 1580 Nova
676 1514 873 1601 Carthagine
888 1512 921 1578 in
937 1512 1100 1599 Hispania
1113 1513 1209 1581 Livius

178 1613 306 1680 XXVI.
320 1636 373 1700 50.
390 1617 476 1681 uude
491 1616 556 1697 alii,
573 1616 785 1703 prodiderunt
803 1612 951 1680 Valerius
972 1615 1067 1680 Max.
1090 1618 1147 1684 IV.
1159 1637 1206 1704 31.

178 1715 350 1782 Frontinus
366 1719 411 1782 11.
427 1738 477 1783 11.
488 1734 523 1804 5.
554 1718 678 1783 Gellius
692 1719 752 1783 VI.
770 1718 801 1782 8.
817 1717 894 1782 hinc
910 1717 1110 1785 Ammianus
1123 1720 1204 1785 Mar-

176 1817 312 1884 cellinus
327 1821 451 1885 XXIV.
474 1843 507 1908 p.
524 1835 598 1906 275.
626 1820 778 1886 Aurelius
791 1819 905 1885 Vidtor
921 1821 975 1885 De
990 1819 1081 1885 Viris
1099 1821 1203 1888 Illustr.

176 1921 300 1985 XLIX.
311 1923 342 1986 8.
357 1945 458 1987 unum
473 1922 678 1987 continentia
689 1920 872 2008 exemplum
886 1943 964 2008 erga
977 1922 1105 2010 regiam
1119 1924 1204 2011 spon·

175 2022 263 2089 sam:
298 2025 485 2090 Plutarchus
511 2024 610 2103 aliud,
635 2047 713 2111 erga
740 2023 854 2112 privati
881 2023 1005 2087 filiam:
1038 2041 1204 2115 utrumque

174 2125 357 2191 communis
371 2125 485 2190 harum
504 2148 610 2190 rerum
632 2125 765 2212 scriptor
785 2123 975 2190 memoravit
998 2125 1153 2215 Polybius
1165 2129 1201 2194 X.

177 2227 229 2290 18.
250 2248 299 2311 19.
315 2227 393 2292 edit.
409 2227 594 2314 Schweigh.
608 2229 702 2292 Tom.
719 2228 781 2292 111.
803 2248 837 2313 p.
854 2245 1022 2313 229-231
1039 2252 1048 2293 ε
1072 2252 1201 2317 quorum

174 2330 327 2416 posterius
341 2353 361 2394 a
379 2329 548 2395 Plutarcho
562 2328 711 2408 relatum,
730 2328 794 2394 hoc
806 2329 865 2393 est:
889 2332 979 2393 Karai
1000 2331 1030 2394 bl
1047 2333 1096 2396 ris
1118 2335 1202 2424 sarpis

172 2439 266 2495 τοῦτον
287 2431 420 2495 νεανίσκοι
438 2432 507 2506 rui,
525 2439 578 2495 τῶν
594 2431 749 2514 Ῥωμαίων,
771 2430 946 2518 ἐπιτυχόντες
964 2435 1117 2522 παρθένῳ,
1133 2440 1201 2523 sard

172 2538 220 2613 τὴν
233 2533 358 2620 &pirri
375 2534 494 2596 κατὰτὸ
509 2533 614 2608 κάλλος
633 2533 792 2620 διαφερούσῃ
809 2541 864 2597 τῶν
879 2531 976 2598 ἄλλων
994 2547 1147 2622 γυναικῶν,
1161 2536 1200 2614 nal

171 2637 316 2711 assaliret
330 2634 474 2721 φιλιγῦιηι
496 2633 562 2698 ὄντα
579 2637 626 2701 τὸν
644 2634 781 2716 Πόπλιον,
797 2635 860 2713 ἧκον
875 2639 960 2714 αὐτὴν
973 2635 1092 2722 ἄγοντες
1106 2642 1128 2728 ‘b
1141 2667 1199 2706 nra·

171 2740 340 2829 ςαςήσαντις
362 2737 480 2825 ἔφασκον
500 2739 577 2824 αὐτῷ
599 2739 730 2824 ὃωρεῑῶας
748 2740 795 2816 τὴν
814 2737 902 2823 κόρην·
926 2743 940 2800 i
963 2740 990 2802 li
1012 2741 1199 2828 καταπλαγᾶς

170 2842 217 2920 nal
238 2843 390 2926 θαυμάσας
408 2843 440 2905 τὸ
459 2841 576 2916 κάλλος·
600 2838 702 2917 ἰδιώτης
718 2839 769 2922 μὲν
784 2837 820 2902 ola
842 2838 967 2921 adlapsos
988 2843 1061 2919 ἥδιον
1078 2842 1125 2923 dv,
1144 2843 1197 2928 ips,

169 2945 292 3024 δέξαθας
312 2943 413 3020 ταύτης
433 2947 481 3019 τῆς
503 2942 614 3027 δωρεαῖς,
636 2942 775 3029 ςςατηγὸς
795 2941 817 3003 δ’
833 2940 968 3028 ιἰπᾶςχιιιι
988 2945 1041 3006 οὐδ’
1057 2943 1197 3010 assub

166 3046 411 3124 irrina—caetera
425 3041 544 3108 ibidem
558 3041 719 3131 legantur.
755 3039 922 3130 Polyaenus
936 3044 1034 3110 VIII.
1054 3048 1106 3111 16.
1123 3063 1153 3133 7.
1167 3045 1196 3112 iu

167 3169 271 3239 pauca
285 3144 434 3211 contulit.

212 3251 285 3335 196.
300 3248 338 3312 B.
363 3246 423 3331 γ’.]
446 3248 489 3310 Et
503 3245 567 3310 hoc
586 3267 626 3309 ex
642 3244 774 3331 perditis
797 3243 978 3334 Polybianis
993 3249 1196 3314 censendum.

167 3351 315 3419 Indidem
330 3346 464 3434 suscepit
476 3345 624 3412 Valerius
640 3345 804 3411 Maximus
820 3347 882 3410 III.
897 3364 929 3432 7.
948 3367 977 3414 1.
992 3375 1106 3415 —cun
1119 3349 1196 3440 oppi-

164 3459 236 3522 dum
252 3452 382 3519 Badiam
396 3448 623 3528 cirmmsederat,
639 3448 775 3513 tribunal
783 3452 877 3538 saum
892 3451 1046 3533 adeuntes,
1063 3459 1097 3518 in
1109 3455 1196 3519 ades

165 3585 234 3651 quae
249 3559 330 3623 intra
348 3552 457 3620 moenia
474 3549 592 3638 hostium
612 3562 689 3632 erat,
710 3552 884 3616 uadimonia
905 3554 938 3616 in
956 3553 1105 3641 posteram
1125 3556 1196 3621 dieis

152 3665 262 3754 facere
271 3657 382 3750 jaffitr
405 3654 593 3741 continuoque
605 3654 677 3717 urbe
690 3654 809 3741 potitus,
824 3665 852 3717 et
865 3667 990 3743 tenpore
1004 3669 1033 3720 et
1052 3657 1124 3739 loco,
1141 3680 1194 3748 qao

159 3766 361 3856 praedixerat,
378 3757 462 3848 sella
489 3756 592 3845 poſsin,
610 3757 668 3843 jas
689 3755 729 3820 eis
751 3756 841 3820 dixit.
886 3757 924 3821 In
952 3757 1042 3823 urbis
1070 3760 1194 3827 nomino

163 3888 358 3959 quamquam
381 3861 561 3929 dissentiant
579 3858 698 3925 Valerii
718 3859 858 3939 codices,
877 3872 986 3925 tamen
1009 3860 1085 3927 satis
1107 3862 1192 3929 nobis

162 3974 196 4040 in
212 3975 343 4059 vulgato
359 3966 489 4032 Badiam
503 3961 700 4029 auctoritatis
722 3962 796 4042 fuit,
818 3975 856 4027 ut
875 3961 1081 4051 Xylandrum
1098 3964 1191 4032 secuti

161 4081 283 4140 Βαθεῖαν
301 4073 448 4137 daremus
466 4089 523 4154 pro
546 4075 651 4130 vetere
672 4067 789 4140 βαθᾶαι
809 4061 898 4151 quod
921 4062 976 4127 alii
1003 4064 1189 4154 interpretor

159 4179 225 4245 fere
251 4174 433 4263 profundam
459 4167 683 4234 reddiderunt:
712 4188 784 4253 quae
808 4189 849 4230 an
874 4165 911 4229 fit
933 4167 1073 4248 Βαιτύκη,
1096 4190 1186 4256 quam

161 4289 275 4348 tuente
288 4271 486 4341 Hasdrubale
501 4270 589 4361 cepit
601 4267 722 4358 Scipio,
736 4269 814 4336 teste
825 4267 977 4357 Appiano
987 4269 1022 4336 in
1037 4270 1184 4361 Hispani·

367 4556 472 4578 a*
