2700 4928
251 327 454 393 morunt.
467 331 683 393 mcomcn.
705 330 905 413 amna
1017 340 1094 408 1179

109 506 186 573 224.
200 492 244 557 D.
267 494 323 582 γ’.]
351 495 441 563 Idem
459 496 578 585 legitur
597 519 631 584 p.
648 515 722 581 213.
736 496 781 560 D.
803 495 834 559 in
850 494 942 560 ditiis
956 493 1095 582 Agesilai

100 714 184 776 224.
197 697 242 762 D.
265 697 315 780 6.]
337 700 472 765 Modico
494 714 575 787 potu
597 698 629 765 in
644 699 792 766 conviviis
814 701 1005 766 utebantur:
1028 723 1093 788 quo

59 797 207 881 pertinet
222 800 359 865 institut.
374 805 494 868 Lacon.
510 803 553 888 γ’.
578 825 611 890 p.
628 821 701 888 237.
712 804 756 867 A.
792 801 915 888 Attigit
936 801 1023 867 hunc
1042 801 1093 866 lo·

59 920 141 962 cum
157 901 314 965 Meursrus
329 903 465 969 Miscell.
481 908 600 969 Lacon.
617 906 662 969 Il.
681 922 730 986 14.
744 925 778 991 p.
793 907 847 988 63.
877 903 998 968 Confer
1011 903 1096 969 dieta

61 1001 107 1065 ad
122 1023 155 1087 p.
168 1021 242 1087 237.
256 1004 298 1068 Α,
314 1003 356 1088 γ’.

109 1123 183 1185 224.
198 1107 242 1170 D.
271 1112 543 1173 Annmxlaon
563 1113 646 1173 Tffl'
665 1105 931 1190 Ammonos]
963 1106 1028 1171 Hic
1053 1105 1096 1171 est

60 1206 280 1294 Leotychidas
304 1232 386 1297 unus
407 1210 439 1274 in
459 1212 602 1298 Regibus
620 1212 783 1298 Spartanis
798 1210 910 1275 diserte
931 1210 1095 1296 proditus:

57 1308 106 1383 ab
123 1309 290 1376 Herodoto
306 1314 366 1377 VI.
382 1317 435 1398 65.
452 1313 534 1377 filius
549 1315 688 1377 Memris
705 1314 822 1378 didus.
855 1314 953 1377 Certe
969 1313 1096 1378 Ariston

59 1410 128 1475 fuit
150 1413 320 1505 Demarati,
335 1416 376 1479 ab
396 1415 594 1503 Leotychide
613 1415 741 1501 expulsi,
759 1429 861 1500 pater,
880 1414 920 1478 de
935 1438 1000 1501 quo
1015 1415 1096 1479 vidi·

61 1536 139 1579 mus
161 1536 194 1600 p.
211 1518 282 1581 218.
299 1519 341 1582 A.
379 1517 474 1582 Plura
494 1517 679 1582 monuimus
697 1516 796 1581 modo
818 1515 851 1579 in
872 1515 945 1581 loco
962 1517 1003 1581 de
1017 1518 1095 1582 Leo-

60 1617 183 1701 tychide
193 1617 321 1703 saniore.

109 1735 184 1797 224.
199 1719 243 1781 D.
267 1718 321 1802 αἲ]
360 1719 524 1783 Damarati
550 1718 731 1798 familiares,
761 1718 830 1797 filii,
858 1717 971 1783 amici:
1008 1717 1097 1784 hunc

61 1818 154 1882 enim
175 1840 275 1904 regno
298 1819 456 1906 dejecerat
478 1820 705 1907 Leotychidas,
725 1833 762 1883 ut
785 1822 906 1883 constat
926 1841 965 1883 ex
989 1820 1095 1884 Hero-

60 1920 144 1984 doto
166 1921 380 2006 V1.65-67.
417 1923 549 1988 Didium
573 1921 635 1985 hoc
660 1919 784 1985 fortaffe
805 1919 944 2007 ejusdem
970 1924 1013 1987 est
1037 1943 1096 1984 au-

61 2020 161 2086 &oris
182 2035 278 2108 atque
297 2023 377 2087 illud
392 2023 477 2109 quod
493 2022 615 2087 Socrati
632 2022 783 2086 tribuitur
804 2020 891 2107 apud
912 2021 1097 2108 Diogenem

61 2126 174 2189 laert.
191 2125 236 2188 ll.
252 2144 311 2208 35:
335 2128 399 2209 πρὸς
414 2128 459 2188 τὸν
474 2124 594 2200 εἰπόντα,
611 2130 714 2198 Κοινῶς
730 2129 743 2185 ὁ
758 2123 827 2186 δεῖνά
842 2148 874 2185 σε
889 2123 977 2208 λέγει.
994 2131 1098 2199 Καλῶς

58 2230 135 2311 γὰρ,
151 2224 210 2304 ἔφη,
225 2225 316 2309 λέγειν
330 2231 378 2288 οὐκ
394 2226 493 2309 ἔμαθι.
527 2224 650 2289 Platoni
664 2224 811 2290 adscribit
826 2225 974 2289 Stobaeus
989 2227 1012 2290 F
1013 2223 1097 2290 lorii.

61 2327 161 2393 xlx.
178 2347 211 2412 p.
229 2327 301 2391 168.

109 2447 184 2509 224.
201 2431 240 2492 E.
262 2428 315 2513 5.]
343 2426 435 2492 Idem
449 2427 586 2492 traditur
605 2427 645 2493 de
667 2427 759 2492 aliis:
783 2428 878 2503 ueluti
894 2428 934 2493 de
948 2423 1099 2516 Diogene

62 2529 193 2616 Cynico
214 2529 300 2614 apud
324 2529 527 2593 Clementem
542 2529 715 2594 Alexandr.
736 2532 855 2595 Strom.
870 2530 949 2596 Vll.
972 2552 1006 2616 p.
1022 2547 1097 2613 712.

61 2631 110 2697 D.
125 2631 203 2695 edit.
221 2631 310 2718 sylb.
332 2645 365 2694 et
383 2632 456 2716 843.
474 2631 553 2695 edit.
571 2635 689 2696 Potter.
713 2632 843 2716 Διογένης
862 2634 936 2719 ’πρὸς
956 2634 1003 2696 τὸν
1023 2637 1097 2697 θαν-

59 2733 189 2816 μοῖζοντοι
203 2732 242 2797 ὅτι
258 2733 329 2818 εὗρεν
343 2731 399 2813 ὅφιν
413 2739 453 2817 τῷ
473 2732 560 2818 ὑπέρῳ
577 2732 792 2819 περιειλημένον,
808 2738 857 2809 Ml
872 2733 1012 2813 θαύμαζε,
1036 2733 1096 2815 ἔφη,

61 2832 93 2911 ἦν
115 2839 173 2919 γὰρ
194 2835 415 2918 παραδοξότερον
436 2838 530 2911 ἐκεῖνο,
552 2838 574 2896 el
595 2837 627 2896 τὸ
649 2831 744 2920 dargan
763 2834 840 2918 ὀρθὸν
857 2839 897 2918 τῷ
916 2832 970 2913 dea
989 2858 1097 2918 arpin-

61 2935 178 3019 λημένον
197 2936 315 2999 ὶθὲασω·
340 2936 386 3002 its
409 2935 499 2999 locus
521 2933 771 3011 constituendus,
792 2934 887 3020 vulgo
910 2932 964 2998 ille
986 2935 1097 3000 turba-

60 3051 138 3102 tus:
163 3037 304 3123 itemque
320 3037 352 3100 in
367 3036 573 3100 Theodoreto
587 3037 639 3100 De
655 3034 799 3131 §urand
818 3036 877 3099 Gr.
892 3036 953 3101 VI.
972 3056 1005 3121 p.
1020 3039 1097 3121 564.

61 3140 103 3204 B.
138 3140 253 3205 Cicero
267 3139 410 3204 Divinat.
429 3140 473 3202 ll.
491 3141 552 3204 28:
577 3136 749 3225 conjedtori
772 3136 884 3203 tribuit
905 3160 969 3204 non
992 3140 1098 3204 nomi·

61 3259 162 3309 natos
189 3245 338 3329 Conjetlor
351 3243 472 3329 quidam
489 3256 515 3305 el
538 3242 680 3330 interpres
698 3255 897 3330 portentorum
919 3268 978 3308 non
1000 3245 1100 3332 irfiite

61 3349 237 3435 respendssa
250 3348 359 3409 dicitur
373 3349 410 3420 ei,
427 3348 479 3432 qui
494 3371 556 3409 cum
571 3347 614 3408 ad
626 3370 691 3408 cum
706 3344 846 3430 retulifflt
856 3347 940 3432 quast
950 3345 1098 3431 ostentm,

60 3451 144 3538 quod
161 3450 269 3535 angitis
285 3449 361 3510 domi
376 3457 485 3512 νιέιιιιι
501 3449 697 3534 circumjellus
707 3446 836 3533 Ιἣιιψιι
865 3447 940 3510 Tum
955 3450 1031 3532 effil,
1048 3449 1098 3510 in·

62 3551 141 3638 quil,
159 3548 306 3635 (strumum,
319 3550 351 3635 ſs
364 3548 472 3635 anguis
494 3556 604 3611 venem
627 3548 907 3634 circumplicavlffit.
943 3548 1009 3611 Ubi
1030 3549 1099 3613 Da-

64 3652 155 3715 visius
179 3673 242 3714 uon
267 3649 464 3736 praetermilit
486 3649 546 3711 hos
568 3649 667 3711 locos.
705 3649 870 3735 Xylander
887 3647 1014 3712 dubitat
1027 3672 1099 3735 quae

63 3753 99 3816 fit
118 3760 133 3829 ἡ
152 3752 285 3839 ἑγῐυτέςω
305 3751 403 3827 anal:
429 3750 501 3813 lane
521 3772 569 3813 res
590 3771 654 3811 non
675 3749 823 3835 expedita
839 3749 893 3812 etl.
931 3748 1101 3835 Accipiam

62 3877 123 3941 pro
145 3859 192 3931 τὴν
209 3853 344 3936 ἐνδοτέρω,
365 3851 529 3915 interiorem
549 3863 677 3938 portam,
700 3850 733 3914 id
755 3851 809 3930 est,
832 3849 912 3915 illud
931 3849 1000 3937 ejus
1018 3851 1101 3917 latus

62 3956 152 4045 quod
167 3958 334 4019 introrliuu
352 3956 482 4039 l'peblat.

77 4097 79 4101 >
109 4077 182 4138 224.
199 4060 236 4120 E.
260 4057 316 4143 71]
348 4058 560 4142 Ὀςςεωῑενεςὴς
587 4051 777 4117 vocalmlum
804 4050 837 4116 in
859 4052 1103 4139 Theophrasteis

65 4158 313 4222 Clrarableribus
334 4157 453 4243 legitur
467 4157 535 4241 angl
551 4154 824 4237 Δασιὸαιμονίας-·
849 4157 921 4243 πρὸς
932 4156 993 4229 τοὺς
1006 4157 1101 4241 ὀρφνο-

59 4262 182 4333 τελεςοὶς
209 4263 284 4321 κατὰ
308 4264 382 4342 μῆνα
403 4257 562 4343 etpedibus
586 4261 661 4339 μετὰ
681 4261 728 4332 τῆς
749 4256 889 4341 γυναικός.
928 4256 1102 4345 Duplicetp
