2700 4928
152 350 213 424 790
344 347 440 406 ow.
460 345 667 407 anniam.
688 340 986 405 1111161119111
1037 378 1041 383 -

152 509 395 595 μαθητὴνΐοργίν
409 515 446 570 τῦ
459 508 577 596 ῥήτορος.
613 511 661 572 At
675 509 708 573 in
720 508 809 574 hunc
822 507 947 573 sensum
967 506 1084 570 Graeca

154 607 235 674 didit
247 610 422 695 Amyotua.

198 728 269 775 120.
284 710 324 772 E.
340 708 433 772 'Anae
449 713 478 788 δὴ
497 710 580 792 μάλα
601 717 689 773 καλοῦ
702 704 832 794 λόγμ]
859 711 897 772 ln
912 703 1035 793 Gorgia
1056 724 1090 790 p.

153 812 192 875 F.
214 809 357 897 Oppofiti
371 810 563 897 elegantiam
578 811 610 879 in
625 811 702 896 λόγῳ
714 824 749 874 et
760 809 842 895 μύθῳ
852 807 1021 894 attigimus
1033 803 1076 868 ad
1090 805 1097 867 l

154 914 288 981 archum
302 916 354 980 Do
368 919 445 981 Sera
457 918 560 982 Num.
576 915 675 980 Vind.
693 938 726 1002 p.
740 916 816 999 561.
831 917 869 979 Β.

199 1035 270 1082 120.
284 1018 323 1080 Ε.
345 1017 478 1101 μακάρων
496 1017 633 1102 νῆσινς-]
658 1017 711 1081 De
728 1015 780 1079 his
800 1015 888 1079 locos
907 1007 1097 1078 Veterumd

154 1129 231 1181 runt
251 1117 433 1191 Gatakerua
451 1118 492 1181 ad
509 1119 559 1181 M.
576 1116 734 1181 Antonin.
751 1117 794 1180 X.
809 1115 840 1178 8.
862 1136 895 1199 p.
911 1127 986 1199 295.
1024 1110 1096 1175 Cell

155 1220 276 1304 Geogr.
290 1219 371 1283 Ant.
387 1220 446 1283 IV.
463 1240 496 1304 p.
514 1236 585 1297 141.
600 1231 634 1282 et
648 1221 727 1301 165:
752 1217 793 1280 ls.
807 1215 931 1279 Voffius
946 1213 987 1278 ad
1007 1215 1042 1276 P.
1058 1212 1097 1277 M

155 1339 190 1403 p.
214 1319 286 1402 870.
324 1321 518 1405 Interpretea
539 1316 579 1381 ad
603 1317 739 1382 Plinium
763 1317 809 1380 H.
831 1317 878 1379 N.
903 1315 947 1379 11.
962 1333 1016 1401 92.
1045 1314 1095 1378 VI

153 1421 186 1484 J.
202 1422 253 1484 M.
268 1420 426 1487 Gesnerns
439 1420 480 1484 ad
495 1419 608 1483 Horat.
624 1418 727 1505 Epod.
739 1419 831 1483 XVI.
845 1438 899 1498 41.

199 1541 234 1606 p.
252 1539 324 1587 121.
338 1521 377 1585 Β.
400 1519 604 1606 ὶτιτρόσθησις]
629 1519 788 1606 Legitima
807 1519 909 1582 sonna
921 1538 942 1581 a
955 1518 1049 1582 verbo
1071 1520 1097 1581 ln

157 1625 236 1700 δεῖν,
255 1620 374 1706 dequo
388 1619 526 1685 diximus
546 1618 586 1683 ad
607 1641 641 1706 p.
654 1640 709 1700 41.
725 1618 773 1682 C:
795 1631 830 1687 at
844 1618 1010 1704 vulgatum
1031 1621 1097 1679 ἑτιτ.

158 1745 213 1798 τις,
228 1720 438 1807 repetendum
452 1720 494 1784 ah
508 1719 734 1806 ἑτιτροστιθέναι,
757 1717 849 1783 nihili
862 1719 916 1781 est.
954 1717 1040 1782 Illud
1057 1739 1097 1782 ar

159 1835 324 1907 receptum
338 1820 484 1886 adhibuit
498 1820 685 1885 Plutarchus
698 1821 750 1884 De
760 1819 852 1884 Facie
864 1822 965 1883 Lunae
976 1819 1097 1883 solemn

160 1920 263 1987 tiones
285 1914 504 1987 obstrudlionis
523 1943 562 1985 ex
583 1920 753 2007 interjectu
771 1918 891 1984 telluris
913 1919 945 1983 in
967 1917 1097 1987 defectu

160 2023 346 2107 arsa-1³2
370 2022 482 2106 ισνάλι
498 2026 555 2107 rh
569 2027 584 2098 ἡ
598 2021 789 2106 ἐπιτόνιον·
812 2017 1097 2107 ‘tama-⁶⁸34

158 2126 218 2209 γὰρ
239 2128 340 2188 ἐκεῖθεν
361 2130 377 2200 ι’)
398 2122 588 2208 ἐπιπρόσθησις.
624 2121 824 2187 Jamblichus
841 2121 893 2184 De
911 2120 986 2199 Vit.
997 2121 1097 2208 Pytha

158 2241 213 2306 31.
258 2222 306 2285 At
326 2221 389 2285 hoo
407 2221 479 2285 loco
502 2219 535 2282 in
558 2219 696 2284 Platonis
709 2220 862 2306 exemplis
883 2221 926 2286 est
944 2221 1097 2308 ὄτίτροὸιν

159 2320 307 2384 adverbio
329 2319 393 2404 ipse
415 2316 547 2384 subinde
560 2317 682 2383 utitur:
706 2319 787 2406 Leg.
810 2323 854 2385 ΙΙ.
877 2343 910 2407 p.
925 2336 1001 2407 574.
1017 2323 1064 2387 G:
1087 2348 1097 2386 1

159 2419 273 2503 nixam
288 2417 437 2504 ’ντὶτροθεν
450 2417 621 2499 ποιούμενος.
653 2421 714 2484 Vl.
729 2441 762 2505 p.
774 2424 849 2486 626.
865 2422 915 2486 C:
938 2422 978 2485 τά
989 2448 1021 2485 τι
1037 2422 1097 2487 laria

157 2522 260 2597 αὐτῶν,
280 2517 318 2582 ἔτι
333 2525 376 2582 νῦν
397 2517 461 2582 ὄντα
480 2518 680 2601 decapolim«,
695 2521 826 2599 τάξαντες
839 2525 924 2600 αὐτοὶ,
937 2523 1089 2609 ἐτῖτροῶνν

159 2617 277 2701 capena·
302 2620 324 2685 i.
340 2641 369 2684 e.
389 2631 418 2682 et
435 2644 481 2698 en,
503 2643 572 2706 quae
586 2620 632 2683 his
645 2619 786 2704 qfficiunt,
801 2624 929 2686 nondum
942 2623 1094 2710 corstituta

161 2719 215 2784 bus
229 2720 409 2800 ordinantes,
426 2746 462 2784 ea·
475 2720 627 2804 interjectu
640 2745 852 2787 removeamus:
875 2723 921 2787 ita
941 2724 1097 2805 vertimus¹

162 2821 287 2888 stet-iore
308 2822 457 2908 ἐνίτρσθιν
476 2822 509 2887 in
528 2821 687 2907 ἀπόπροθεν
707 2836 845 2902 mutato,
860 2824 948 2908 quod
962 2823 1008 2887 ita
1021 2827 1097 2912 usur

161 2922 192 2986 in
216 2922 367 3008 Epinom.
391 2943 423 3007 p.
439 2940 513 3008 703.
527 2924 567 2986 B.
603 2922 666 2987 Sed
680 2938 718 2987 ut
729 2922 771 2988 ad
785 2924 933 3007 ἐπίπροσθεν
947 2924 1097 2993 redeamu

160 3021 224 3087 hoc
238 3022 316 3086 item
331 3024 391 3086 IX.
414 3046 447 3109 p.
463 3027 537 3088 660.
553 3025 606 3087 H:
630 3036 664 3086 et
683 3023 769 3107 apud
789 3023 995 3089 Plutarchum
1013 3027 1066 3092 De
1082 3031 1097 3094 S

160 3121 206 3185 tia
223 3121 366 3186 Animal.
389 3145 422 3208 p.
437 3140 510 3210 975.
526 3124 578 3187 D:
602 3130 655 3185 τῶν
678 3126 704 3185 ἐν
725 3128 763 3207 γῇ
784 3127 1023 3209 παραδειγμάτων
1039 3128 1097 3192 ἐπίοι

161 3220 220 3284 aldit
234 3227 301 3299 ἓτιν,
315 3226 381 3286 ἀλλ’
396 3223 551 3307 ἀνεοιγμίνγ
565 3220 680 3307 παρέχει
695 3227 728 3306 τῇ
741 3224 857 3298 aidica
871 3229 918 3299 τὴν
932 3228 1044 3312 ἶςορίαν.
1071 3232 1097 3294 P<

160 3342 193 3406 p.
212 3325 284 3386 160.
300 3323 345 3387 E:
369 3321 433 3417 ξταν
451 3330 474 3386 ol
493 3324 544 3404 pir
563 3320 655 3407 ὅςιρον
673 3324 817 3406 γεγονότες
833 3327 880 3387 τὸν
897 3326 996 3412 χρόνον
1010 3327 1097 3413 ἔχωσι

159 3427 266 3508 epodo
287 3420 352 3485 ὄντα
372 3429 406 3508 τῇ
424 3422 524 3507 γνῶσοι
538 3430 591 3485 τῶν
603 3424 787 3507 πραγμάτων·
812 3424 913 3490 codex
928 3429 1097 3494 Moscheni

161 3526 375 3609 ἐτιπριθιῦντα.
413 3522 584 3588 Coriolano
598 3544 630 3607 p.
645 3543 717 3609 223.
734 3525 774 3587 C.
812 3526 912 3590 Bruto
926 3547 958 3612 p.
972 3529 1047 3612 985.
1062 3532 1096 3596 D

161 3636 231 3688 rato
252 3644 286 3709 p.
304 3623 396 3708 1038.
418 3623 458 3687 C.
493 3622 697 3709 Antiphanes
718 3625 804 3710 apud
825 3626 991 3692 Stohaeum
1011 3629 1081 3696 Tit.

160 3747 194 3812 p.
211 3739 293 3810 153:
311 3721 357 3785 Ὠ
375 3725 512 3808 δνςυχεῖς,
528 3721 614 3786 ὅσοισι
627 3732 675 3787 τοῦ
688 3722 784 3811 triplos
802 3726 901 3811 χάριν,
920 3727 1082 3818 Ἐτῖτφοθι

160 3830 222 3911 γρὰ
243 3824 343 3908 φαίνετ’
357 3823 422 3903 alvan
441 3830 495 3886 τῶν
516 3832 620 3887 καλῶν·
643 3827 804 3889 Ἐτισιιστιῐ
822 3829 881 3914 γὰρ
895 3835 934 3913 τῷ
948 3835 1049 3914 φρονεῖν
1062 3835 1095 3897 τὸ

103 3974 105 3978 ,
161 3923 259 3991 δίναν.
281 3925 392 4012 Vulgo
406 3944 572 4011 perperam
587 3924 692 3988 editur
704 3927 735 3988 τὸ
750 3931 861 4013 φρονεῖν.
888 3928 1097 4000 Cleomedes.¹

160 4028 254 4112 Θεωρ.
271 4027 317 4091 ll.
338 4047 371 4112 p.
385 4027 469 4106 4662
493 4027 592 4110 ἀνδρῶν
605 4026 669 4110 πρὸς
684 4029 781 4112 ἀρετὴν
793 4027 948 4109 πεφυκότων
961 4030 1008 4112 καὶ
1022 4035 1097 4115 μηδὲν

160 4149 207 4199 της
221 4126 371 4211 lampado
388 4122 556 4206 σοινμένοον.
595 4124 759 4190 Pausanias
780 4127 837 4193 IV.
851 4149 883 4209 4.
905 4151 939 4216 p.
955 4132 1038 4220 289:
1062 4135 1097 4201 κε’
