2700 4928
188 349 393 413 acosma.
408 297 971 425 REG.BTDUC.p.109.F-190.A.
1021 352 1097 406 noo

138 560 147 579 .
161 511 217 580 D:
240 512 314 579 inde
328 515 474 579 Stobaeus
489 533 522 599 p.
537 514 613 597 366.
628 509 809 596 simpliciter
824 509 992 598 Polyaenus
1005 508 1035 572 I.
1047 509 1099 573 16.

141 616 276 680 Notavit
291 615 428 702 Cragius
443 615 505 678 111.
522 633 573 679 12.
588 633 621 698 3.
636 633 671 699 p.
681 627 757 697 350.

139 719 191 805 89.
209 721 245 781 F.
267 718 503 802 mutuom]
534 718 586 781 De
607 715 670 778 hoc
691 713 828 779 diximus
850 733 884 799 p.
897 726 952 798 55.
967 713 1006 776 Ε.
1029 712 1101 799 qui-

154 817 291 882 addatur
314 817 538 882 eruditiffimus
563 813 723 881 Herodoti
744 814 899 900 interpres
924 812 1104 878 Larcherus

138 943 169 985 n.
180 923 257 986 VII.
271 943 306 1007 p.
319 922 396 1004 487.
411 921 475 1005 seq.

139 1024 192 1109 89.
209 1025 244 1087 F.
268 1022 322 1107 a‘.]
348 1024 386 1086 In
407 1019 504 1107 hujus
522 1018 696 1106 Apophth.
712 1020 789 1082 Iac.
811 1039 846 1105 p.
861 1035 936 1104 232.
950 1019 990 1083 Β.
1025 1018 1104 1084 Vita

138 1124 218 1211 :urgi
239 1145 272 1210 p.
286 1140 341 1209 52.
356 1125 410 1188 D:
434 1122 538 1186 sumit
553 1121 629 1185 hinc
644 1122 791 1185 Stobaeus
809 1142 844 1206 p.
860 1135 934 1203 247.

140 1226 194 1311 89.
209 1225 244 1290 F.
265 1223 322 1309 5.]
347 1222 519 1309 Apophth.
536 1225 613 1287 Iac.
628 1245 661 1309 p.
674 1240 748 1305 232.
761 1222 803 1286 C.
833 1221 956 1286 Similia
969 1222 1103 1287 aliorum

138 1326 399 1390 aennotavimus
410 1324 451 1388 ad
472 1325 541 1388 Ser.
556 1325 659 1389 Num.
674 1322 773 1388 Vind.
795 1344 829 1409 p.
846 1341 901 1407 32.
922 1322 1000 1388 edit.
1015 1336 1103 1389 vete·
1175 1387 1180 1395 ,

159 1448 192 1512 p.
207 1443 283 1510 551.
299 1427 336 1488 B.
358 1425 454 1511 hujus
468 1424 545 1488 edit.

138 1530 199 1612 289.
216 1530 252 1590 F.
273 1527 330 1612 pst]
355 1524 527 1611 Apophth.
551 1524 628 1589 Lac.
652 1545 685 1610 p.
701 1542 774 1609 230.
790 1524 828 1588 Β.
848 1524 946 1590 exstat
965 1526 1024 1591 sub
1045 1549 1105 1592 no·

138 1653 167 1695 te
186 1630 365 1695 Nicandri:
392 1628 449 1692 sub
467 1627 606 1714 Agesilai
625 1626 711 1713 apud
733 1627 898 1691 Stobaeum
921 1628 1046 1693 LXIII.
1070 1649 1105 1714 p.

138 1758 142 1797 t
155 1755 165 1824 3
186 1728 372 1814 Ἀγησίλαος,
386 1727 533 1809 andspivu
546 1728 616 1801 τννός
630 1727 674 1789 διὰ
688 1725 719 1788 τί
731 1734 862 1808 κομῶσιν,
877 1726 959 1806 εῐτεν,
968 1726 1038 1792 Ὅτε
1056 1734 1109 1796 τοῦ

138 1856 175 1895 un
189 1830 402 1903 ἂῖατανοῖτατὸς
416 1831 468 1901 ῖςν·
493 1824 742 1915 legendum'Ort
759 1827 833 1902 οὗτος
849 1829 951 1910 κόσμος
964 1830 1010 1893 dd.
1026 1834 1050 1895 ἒ.

138 1957 156 1994 ν.
172 1952 243 2018 190.
256 1934 299 1997 A.
322 1933 575 2016 manum]
601 1932 653 1995 De
667 1928 730 1996 hoc
746 1931 814 2017 egit
827 1932 984 1996 Meurfius
1004 1935 1107 2022 Regn.

138 2033 200 2098 md.
218 2034 276 2097 IX.
297 2053 332 2117 p.
345 2033 401 2113 48.
429 2031 609 2096 Larcherus
625 2029 666 2095 ad
683 2031 842 2096 Herodot.
864 2034 958 2097 Tom.
975 2034 1052 2098 VII.
1075 2058 1108 2124 p.

138 2137 264 2220 ῖ-496,
293 2134 464 2221 Apophth.
479 2136 600 2200 Iacon.
618 2155 652 2221 p.
669 2152 741 2218 232.
757 2134 794 2197 Β.
810 2133 867 2198 ubi
881 2132 965 2198 idem
979 2135 1111 2224 legitur.

138 2259 204 2300 rum
219 2235 456 2322 precationibus
475 2234 663 2322 adjundum
685 2232 775 2298 fuisse
796 2246 902 2298 narrat
922 2236 1116 2306 Plutarchus

138 2337 277 2401 Institut.
299 2339 419 2401 lacon.
442 2357 476 2421 p.
496 2336 570 2420 238.
590 2339 635 2400 F:
663 2339 725 2410 ταῖς
748 2339 845 2421 εὐχαῖς
868 2338 1058 2420 προστιθέασι
1077 2342 1112 2404 τὸ

138 2442 227 2515 seinos
248 2435 380 2514 δύνοῶον.
417 2436 470 2501 Est
489 2449 596 2500 autem
619 2457 659 2498 ex
679 2434 880 2499 interiore-vi
895 2437 995 2503 Verbi
1009 2438 1115 2523 Medii

138 2541 238 2617 ιεῑθας,
265 2539 405 2625 injuriam
420 2539 521 2623 ferre.
557 2536 741 2601 Aristoteles
764 2538 817 2601 De
842 2536 997 2604 Virtutib.
1017 2542 1113 2607 Tom.

138 2687 146 2705 .
166 2661 200 2726 p.
219 2659 291 2721 224.
304 2653 337 2705 et
350 2661 403 2726 ap.
418 2641 510 2704 Stob.
527 2637 609 2703 Flor.
626 2639 715 2703 CVI.
731 2658 765 2724 p.
780 2655 865 2722 372:
889 2639 929 2711 ἔςν
947 2641 974 2703 δὲ
990 2645 1003 2703 d
1016 2668 1114 2728 μεγα·

138 2742 361 2826 mog-sinas&
381 2748 423 2826 τῷ
443 2741 500 2817 ἤθει
522 2735 567 2818 καὶ
583 2742 716 2822 γενναῖος,
735 2740 756 2823 s}
775 2742 918 2818 ἇὸνκᾶθοο
933 2741 1115 2831 δονάμενοςνῇ

138 2843 328 2929 τιμωρητικός.
360 2840 540 2905 Menander
565 2861 617 2924 ap.
638 2839 789 2903 eumdem
815 2842 857 2905 V.
883 2861 917 2927 p.
937 2843 1000 2928 63:
1025 2845 1117 2921 Οὗτος

138 2968 217 3017 ιτιςος
232 2945 269 3015 ὶς·’
284 2946 361 3028 ἀνὴρ,
377 2941 398 3005 οῖ
411 2943 530 3028 Γοργίαι,
540 2940 623 3013 ’Όςνς
645 2943 787 3019 &drasidas
800 2943 889 3014 τλᾶς’
903 2942 1032 3026 ἔπε’ςατον
1046 2947 1116 3033 dpa-

138 3071 153 3108 ν,
188 3045 271 3107 Item
286 3042 481 3107 Laconicum
497 3042 540 3105 est
556 3039 702 3106 Chilonis
716 3053 749 3104 et
764 3040 857 3127 plane
871 3044 1017 3129 praesenti
1031 3045 1119 3113 dioto
1258 3058 1261 3063 '

138 3166 271 3232 rgruens
285 3143 370 3230 apud
388 3143 571 3229 Diogenem
591 3142 698 3206 Lae'rt.
715 3143 743 3204 Ι.
759 3142 820 3205 68:
843 3144 916 3229 οτρὸς
929 3170 961 3207 τε
974 3147 1020 3209 τὸν
1033 3150 1118 3213 ἀδελ-

149 3251 333 3333 δνοφοςοῦντα
346 3244 386 3308 dat
405 3250 443 3326 μὴ
459 3247 547 3330 ἔφορος
567 3244 684 3329 ἐγένετο,
698 3247 782 3307 αὑτοῦ
797 3243 881 3318 ὄντος·
902 3246 983 3333 Ἐγὼ
996 3250 1048 3332 μὲν
1061 3256 1120 3337 γὰρ

138 3373 236 3430 τιμον,
264 3346 346 3424 εἶπεν,
369 3348 521 3425 ditandas,
543 3345 579 3416 σὺ
600 3346 626 3407 di
648 3343 690 3408 οὔ.
727 3345 909 3410 Numenius
931 3370 984 3434 ap.
1003 3351 1119 3416 Euseb.

138 3470 194 3535 cp.
221 3449 345 3532 Evang.
366 3446 457 3510 XIV.
481 3466 513 3529 p.
529 3461 604 3529 733.
621 3446 659 3508 B.
682 3444 715 3509 in
735 3466 800 3508 una
818 3446 1045 3532 elegantiffima
1066 3474 1121 3516 ve·

138 3551 189 3614 stae
221 3547 409 3611 narrationis
436 3558 526 3631 parte
557 3545 663 3608 labem
691 3546 841 3631 concepit
870 3570 889 3610 a
916 3547 1050 3615 librariis
1077 3551 1124 3616 ita

138 3649 347 3716 tendendam:
369 3654 382 3710 ὁ
397 3650 418 3710 d
437 3648 553 3730 (Ζήνων)
572 3650 651 3731 ἐντῷ
664 3646 822 3732 &eosdm
837 3646 883 3727 nis,
898 3651 1018 3736 inoxium
1033 3652 1121 3737 ἄγων,

140 3752 283 3832 δυνάμενος
305 3753 459 3828 ditandos,
481 3747 658 3832 Ἀρκεσιλάῳ
679 3749 729 3829 μὲν
750 3747 843 3830 ἀφίετο
863 3754 967 3813 πολλοὶ
988 3748 1023 3815 dv
1044 3756 1124 3817 εἰπεῖν

138 3880 179 3932 ον,
195 3855 261 3915 ἀλλ’
277 3855 324 3913 οὐκ
339 3852 433 3928 ἤθελε,
454 3849 537 3932 τοῖχοι
552 3850 702 3929 δὲμᾶλλον
715 3846 820 3922 ἄλλως·
844 3850 959 3934 quibus
973 3851 1006 3914 in
1023 3853 1126 3919 verbis

138 3954 337 4039 corrigamus
361 3974 475 4029 unum,
497 3950 670 4037 Ἀςκεονλίιν
690 3948 840 4034 legendO,
866 3950 1053 4018 sententiam
1079 3954 1127 4020 ita

138 4053 393 4140 terpretabimur.
427 4055 471 4113 At
496 4052 587 4127 Zeno,
610 4051 662 4136 qui
681 4049 805 4134 inferior
825 4050 945 4113 babitus
955 4051 1074 4138 sciffet,
1093 4049 1130 4139 st

138 4155 258 4241 isviffiet,
280 4177 370 4241 quum
392 4165 489 4216 lamen
503 4151 646 4240 irp'uriom
663 4150 807 4238 patinea
827 4152 927 4238 pofflt,
944 4153 1128 4238 Arcesilaum

138 4258 283 4335 mittebat,
306 4256 446 4341 aduersus
467 4276 552 4340 quem
571 4250 669 4317 multa
688 4253 783 4317 dacere
802 4253 957 4340 potuistis:
980 4258 1060 4342 quod
1071 4280 1130 4322 non
