2700 4928
190 371 945 475 consonananaronronrnnpnorn.
1022 395 1084 470 σῳ

54 575 118 644 φ
129 554 251 624 Cicero
263 559 361 625 Tusc.
376 561 404 626 Ι.
418 579 472 647 34.
487 559 604 648 aliique
623 562 654 627 J.
669 558 793 626 Davilio
806 557 909 623 citati.
933 556 1084 644 Diogenes

58 655 190 743 (heim,
211 659 283 748 περὶ
303 662 414 726 sarna
428 661 573 749 scriptiffe
585 658 703 727 dicitur
720 657 861 746 Diogeni
881 656 1008 722 laertio
1020 658 1082 724 Vl.

58 755 107 822 lo.
135 754 350 840 &moun
361 759 586 841 Academicus,
601 756 849 825 consolationem
864 756 904 821 ad
918 757 1001 821 cives
1011 756 1084 822 suos

59 855 338 947 Cortlngiuienses
351 861 480 950 scripit,
494 858 596 949 patria
608 860 722 940 eversa,
737 860 813 924 teste
823 858 979 925 Cicerone
988 855 1082 923 Tusc.

59 962 117 1028 III.
130 979 185 1031 22.
216 962 385 1048 Cleanthes,
403 967 588 1055 Cbtyſsppas,
604 964 765 1055 Epicrrus,
782 962 945 1049 (bracio,
958 960 999 1025 de
1010 962 1082 1026 olli-

60 1058 108 1125 cio
126 1060 323 1129 consolantis
341 1078 577 1152 preceperunt,
597 1076 635 1129 ut
654 1075 818 1151 apparete
834 1061 998 1127 Ciceronis
1011 1078 1082 1127 ver·

58 1162 106 1231 bis
117 1165 212 1231 Τιιίο.
223 1166 287 1234 111.
299 1188 353 1256 31.
386 1152 543 1258 AEscbinei
556 1168 596 1248 is,
610 1167 703 1255 cujus
717 1168 815 1232 exstat
828 1166 986 1255 Dialogus
1000 1167 1081 1234 Axi-

62 1265 159 1333 oebus
169 1266 224 1334 De
233 1269 359 1351 Morte,
373 1271 454 1337 mihi
466 1270 595 1358 quidem
609 1272 676 1357 post
691 1267 880 1334 Crannonem
890 1269 979 1334 suillo
988 1291 1081 1336 eum·

65 1389 121 1456 que
139 1369 268 1437 ΐοοιιωι
285 1370 423 1439 ridetur.
451 1375 564 1439 Juncus
577 1371 664 1459 apud
677 1372 839 1437 Stobaeum
855 1371 962 1436 Floril.
978 1374 1082 1441 Setm.

66 1469 163 1538 CXX.
187 1471 231 1539 de
254 1475 492 1562 comparatione
519 1475 593 1541 vitm
620 1489 654 1539 et
680 1474 805 1540 mortis.
851 1474 994 1538 Ciceronis
1020 1475 1083 1542 fuit

68 1571 242 1643 ssmsolafio
254 1570 298 1642 ad
312 1576 345 1643 se
357 1576 473 1664 ipsum,
486 1576 646 1665 precipue
660 1598 699 1641 ex
713 1575 867 1642 Crantore
878 1576 990 1642 duna:
1009 1577 1094 1644 sunt·

68 1673 204 1763 tpinolae
224 1676 455 1744 consomoriae
474 1679 654 1767 complures
677 1678 837 1765 egregie:
868 1677 940 1746 sunt
960 1679 1083 1746 Tuscu·

69 1775 137 1846 lane
160 1781 360 1870 Qnaestiouea
382 1797 461 1867 opus
485 1780 580 1869 plane
603 1779 757 1858 divinum,
783 1791 888 1846 totum
910 1777 944 1843 in
964 1801 1082 1866 genere

69 1878 268 1946 musolatorio
280 1879 487 1959 censendum,
501 1894 547 1960 et,
560 1893 599 1944 ut
617 1878 709 1944 nobis
728 1877 857 1964 quidem
875 1877 1010 1959 videtur,
1023 1878 1082 1944 de·

70 1977 216 2066 scriptum
236 1980 277 2046 ad
297 1980 451 2046 rationem
470 1979 552 2044 rocos
565 1983 801 2067 παραμυθῃικοῢ
815 1999 834 2041 a
848 1976 1011 2043 Pofidonio
1023 1978 1083 2044 de·

70 2077 227 2168 ignotam.
262 2081 315 2147 Ad
328 2081 414 2149 idem
428 2103 532 2170 genus
549 2081 714 2148 referimus
731 2092 766 2144 et
787 2079 864 2145 alias
885 2079 1020 2144 aliorum
1042 2080 1083 2146 li-

69 2180 190 2277 brorurn
214 2198 332 2270 parter,
350 2199 388 2250 et
406 2197 493 2250 certe
512 2205 531 2249 e
550 2181 746 2270 philosophis
767 2180 855 2246 libris
875 2179 1084 2248 suaviffimum

70 2280 147 2350 ilum
161 2286 214 2352 De
228 2285 412 2366 smectute,
427 2285 459 2351 in
476 2288 544 2372 quo'
563 2285 700 2352 studiosis
720 2284 971 2360 adolescentibus
989 2306 1084 2350 enar-

72 2384 167 2466 mdo,
182 2385 247 2452 boc
261 2401 407 2472 tempore
420 2387 590 2452 versamur.
632 2386 741 2450 Seneca
755 2384 902 2471 frequens
915 2384 959 2450 est
975 2385 1007 2449 in
1021 2385 1084 2452 hoc

71 2501 268 2575 argumento3
290 2487 411 2575 quippe
432 2487 465 2552 in
481 2510 546 2575 quo
568 2488 639 2551 suut
652 2487 821 2584 fingulares
839 2486 907 2574 ejus
930 2488 1083 2554 Consola-

72 2587 161 2654 tioncs
182 2590 225 2655 ad
248 2588 409 2670 Helviam,
430 2589 471 2655 ad
497 2589 677 2677 Polybium,
701 2587 741 2653 ad
765 2589 944 2653 Marciam:
975 2611 1084 2654 exem-

72 2690 148 2771 plum
170 2690 387 2756 consolatorie
405 2690 543 2778 epistolae
562 2713 637 2755 cum
655 2689 893 2776 reprehensrone
907 2689 1085 2775 conjuncte

72 2790 120 2878 Ep.
136 2793 210 2858 XC.
230 2774 409 2857 admonitio
429 2792 575 2856 adversus
589 2804 712 2857 metum
734 2791 845 2855 mortis
866 2793 926 2877 Ep.
943 2792 1029 2856 LIV.
1052 2806 1086 2857 et

71 2891 231 2959 LXXVII.
268 2892 351 2957 Dion
367 2890 573 2980 bejostomur
588 2891 645 2957 Or.
660 2892 751 2956 XVI.
767 2892 834 2976 περὶ
847 2893 950 2970 Ainus:
975 2894 1084 2957 XXX.

72 2991 100 3059 de
117 3009 223 3061 morte
238 2993 436 3060 CharidemI.
464 2992 626 3078 Aristides,¹
641 2994 700 3058 Or.
717 2995 777 3056 XI.
799 2992 833 3058 in
854 2993 964 3057 funere
984 2994 1084 3059 Eteo-

71 3094 135 3177 uioi,
147 3111 184 3162 et
197 3096 278 3160 Xll.
291 3096 333 3160 de
345 3095 439 3160 obitu
453 3093 626 3160 Alexandri
644 3093 840 3182 Cotyae'nlis.
886 3093 997 3158 Galeri
1017 3100 1086 3184 oapi

70 3196 246 3285 ψιμυθίοις
267 3198 347 3265 liber
369 3198 544 3285 fingrrlaris,
568 3212 763 3263 memoratus
785 3200 825 3263 ab
848 3199 915 3284 ipso
937 3201 989 3265 De
1013 3203 1086 3268 Suis

71 3298 163 3365 libris
178 3298 263 3385 Cap.
276 3300 371 3364 XIII.
384 3300 423 3363 T.
440 3300 467 3363 Ι.
483 3319 517 3385 p.
528 3315 582 3382 47.
598 3302 635 3363 E.
652 3322 737 3364 nunc
751 3299 905 3386 perditus.
934 3300 994 3366 Dio
1010 3303 1085 3391 Cas·

63 3400 115 3481 siu
132 3400 264 3490 iniquus
282 3400 431 3465 Ciceroni
452 3400 529 3465 facit
544 3399 769 3488 philosophum
787 3402 817 3464 ei
839 3403 1086 3472 consolationem

71 3501 143 3567 exilii
168 3501 377 3566 adhibentem
400 3502 595 3567 XXXVIII.
622 3503 672 3565 18.
708 3504 750 3565 Et
773 3500 906 3566 Stobaeur
928 3503 1088 3594 Florilegii

72 3622 212 3691 magnam
234 3618 359 3690 partem
380 3625 399 3667 a
419 3603 528 3668 Titulo
542 3601 664 3667 XCVI.
686 3602 727 3667 ad
745 3603 901 3668 CXXIII.
923 3605 955 3670 in
975 3610 1087 3672 conso-

71 3699 174 3769 latorio
196 3717 390 3790 argumento
410 3701 579 3768 consumit.
617 3703 689 3767 Nec
711 3725 903 3790 quemquam
926 3706 1089 3793 fugitant

71 3801 180 3869 Boethii
205 3801 390 3869 Consolatio
416 3802 639 3891 Philosophia,
668 3816 726 3867 aut
753 3805 877 3868 Pedonis
904 3804 1091 3872 Albinovoni

16 3934 22 3987 r
72 3906 176 3996 Elegia
187 3906 229 3972 ad
244 3905 378 3972 Liviam.
408 3906 570 3971 caeterum
590 3904 750 3969 inlinitum
768 3907 811 3970 est
825 3907 931 3971 omnia
945 3907 1089 3993 Scripto-

17 3990 22 4097 ᾗ
72 4028 135 4074 rum
156 4010 215 4074 five
233 4007 355 4094 ligate,
376 4007 434 4071 five
456 4005 567 4071 solutae
588 4006 752 4087 orationis,
770 4007 1000 4085 hilloricomm,
1015 4007 1090 4071 rhe-

18 4100 21 4137 '
71 4121 181 4192 torum,
201 4109 422 4197 sophistamm,
444 4108 644 4175 consolatorii
665 4109 846 4196 argumenti
871 4108 985 4193 scripta
1007 4129 1088 4185 eun,-

17 4206 20 4245 ³
72 4230 204 4293 merare,
226 4225 260 4278 et
274 4208 352 4297 quia
363 4208 506 4274 latiffime
524 4222 615 4296 patet
628 4223 867 4296 argumentum,
882 4222 914 4273 et
927 4209 1002 4294 quia
1016 4212 1089 4275 nul·

14 4306 22 4437 i
73 4307 106 4378 lis
121 4311 399 4399 circumscriptum
415 4312 458 4378 est
471 4313 567 4378 certis
586 4312 742 4393 terminis,
757 4310 810 4378 sod
824 4332 883 4398 per
900 4331 1029 4379 omnem
1042 4315 1096 4379 ri-·
