2700 4928
250 363 454 425 moratu.
469 364 935 443 nno.nrnuc.p.17o.s,c.
1031 373 1107 431 ross

71 526 264 613 metropoli,
286 528 461 592 amicitiam
482 539 515 592 et
532 527 637 592 soedus
650 526 751 607 fuisse,
770 543 808 592 ut
828 527 1007 616 legationes
1027 528 1108 594 invi·

71 651 150 695 cem
172 630 389 710 mitterentur,
414 642 448 694 et
470 652 520 694 res
545 628 610 717 ipsa
632 630 810 716 persuadet,
836 643 871 694 et
894 629 1013 695 indicio
1036 630 1110 699 suut

71 731 166 796 miffa
182 732 225 797 ab
245 732 308 797 hoc
329 731 446 796 auxilia
463 731 639 797 Corinthiis
658 753 834 818 eorumque
855 730 967 809 sociis;
991 731 1111 818 dequo

72 831 222 919 produnt
237 834 419 919 Xenophon
442 832 602 898 Hellenic.
618 832 694 896 Vll.
714 853 743 896 1.
762 851 797 895 11
820 845 853 896 et
870 850 921 915 17.
936 845 970 896 et
983 832 1110 898 Diodo-

71 955 130 997 rus
154 933 219 999 Sio.
242 934 318 999 XV.
338 951 391 1018 70.
434 936 471 998 ln
495 933 586 997 Harl.
610 932 757 996 omissum
779 933 880 1006 δυνάςυ
902 931 1111 1019 suspicionem

72 1033 156 1099 facit
169 1035 286 1100 variam
302 1035 471 1100 lessionem
487 1035 629 1100 exstitiffe
642 1023 936 1123 σοι’ραπςιαὸεόοπας,
950 1035 1032 1100 mala
1039 1036 1113 1124 fide

72 1135 253 1222 legationem
268 1135 525 1220 odminssrontesr
548 1135 756 1222 quae,s1fuit‚
773 1160 837 1202 nou
855 1151 962 1204 tamen
982 1159 1110 1225 ptaepo·

74 1237 184 1302 nenda
198 1237 234 1302 sit
247 1237 396 1324 vulgatae.
432 1237 566 1303 Dictum
586 1237 728 1325 Dionysii
748 1238 842 1326 plane
856 1238 954 1304 habet
974 1239 1110 1307 sormam

73 1338 294 1404 Socraticamt
317 1354 452 1425 excepto
466 1339 562 1403 verbo
583 1343 721 1418 εὐπαθεῖν,
736 1338 824 1425 quod
846 1339 955 1425 potius
973 1362 993 1404 a
1012 1340 1110 1408 libra-

72 1439 138 1519 rio,
154 1462 250 1533 quam
268 1463 287 1505 a
303 1440 476 1505 Plutarcho
491 1441 552 1504 esse
574 1438 720 1518 videtur3
743 1439 894 1526 squidem
913 1441 957 1505 est
967 1441 1112 1527 suaviter

73 1539 171 1626 arffid,
198 1541 401 1629 voluptatibus
420 1540 507 1626 frui,
536 1562 595 1605 nec
621 1540 674 1626 ipfi
703 1540 767 1606 alio
794 1540 885 1606 sensu
909 1541 1109 1626 usurpatum,
1250 1564 1255 1572 ·

74 1641 177 1706 veluti
191 1644 339 1708 Amator.
354 1664 387 1728 p.
400 1646 475 1727 765.
492 1643 537 1706 D.
574 1640 641 1707 Vrt.
656 1645 732 1724 416.
748 1644 788 1709 B.
810 1645 885 1728 526.
901 1642 942 1707 C.
965 1663 1041 1730 949.
1054 1645 1108 1711 Dr

74 1743 236 1810 sententia
253 1744 351 1831 hujus
364 1744 427 1809 loci
451 1744 628 1829 postulabat
642 1743 670 1807 nl
684 1744 807 1829 τέχην,
821 1757 877 1808 aut
888 1758 976 1810 certe
996 1743 1025 1809 al
1042 1771 1109 1811 aaa

71 1852 144 1927 θὸν,
160 1847 300 1935 beneficia
319 1847 482 1935 percepiffi,
497 1870 634 1933 quorum
650 1861 758 1913 tamen
774 1847 862 1933 prius
875 1845 998 1913 malian.
1202 1928 1206 1934 .

121 1949 194 2031 176.
212 1949 251 2010 B.
275 1947 341 2034 ιγ’.]
376 1947 462 2011 Illud
485 1955 613 2011 ποιοῦντα
634 1949 666 2011 tl
685 1949 825 2036 χςῆσιμον
848 1944 984 2034 ἄχςηςον,
1011 1945 1110 2012 habes

73 2048 338 2137 significationem
365 2051 510 2115 vocabuli
533 2051 701 2138 χρημάτων,
725 2050 928 2138 petronianus,
947 2049 1035 2135 quod
1057 2049 1109 2115 dl·

72 2149 161 2215 citur
181 2173 200 2214 a
219 2156 347 2239 χςῆθαη,
370 2152 477 2215 utendo
489 2132 515 2228 3·
531 2151 639 2238 itaque
661 2150 897 2238 distinguuntur
916 2152 1058 2238 χςῆματα
1075 2164 1110 2217 et

73 2253 210 2334 κτήματα
225 2253 386 2318 Socratica
399 2253 544 2319 doctrina
564 2253 651 2339 apud
673 2253 923 2339 Xenophontem
940 2253 1064 2319 OEoon.
1080 2254 1109 2318 1.

71 2370 105 2436 7,
120 2354 153 2433 8,
169 2375 201 2440 9.
221 2376 280 2420 nec
298 2356 438 2441 χρήματα
460 2355 533 2418 sunt
548 2355 602 2418 nisi
622 2376 661 2418 ea
674 2354 791 2440 quibus
812 2353 884 2440 quis
902 2353 961 2419 scit
976 2358 1108 2441 χρῆθαρ,

72 2453 184 2542 itaque
205 2455 288 2521 siunt
308 2457 366 2520 usu
384 2457 517 2542 χρήσιμα
538 2477 610 2541 quae
634 2454 695 2520 fine
717 2454 775 2520 usu
796 2453 912 2542 ὅχρηςα
933 2455 1017 2520 suut.
1057 2456 1111 2523 De

72 2555 272 2643 oppositione
285 2559 412 2646 χρήσεως
427 2572 461 2622 et
476 2559 595 2635 κτήσεως
609 2556 746 2622 diximus
762 2578 796 2644 p.
814 2574 886 2643 137.
901 2559 940 2621 Ε.

120 2660 193 2742 176.
209 2659 249 2724 C.
280 2659 511 2725 Monimou
537 2663 621 2722 Tot
638 2663 882 2723 ,Numam
911 2658 965 2743 α’.]
1000 2657 1110 2724 Paffim
1148 2688 1150 2690 ·

75 2760 248 2826 Veteribus
264 2775 474 2825 memoratum
498 2760 596 2847 hujus
610 2782 688 2847 erga
703 2760 785 2823 viros
800 2759 911 2824 dodlos
926 2759 1030 2845 ipsum
1051 2757 1109 2824 aul-

75 2860 241 2940 mirantes‚
257 2862 344 2948 apud
361 2885 436 2927 eum
456 2861 543 2926 laute
561 2861 699 2938 habitos,
723 2859 880 2925 studium:
903 2859 943 2924 de
958 2881 1022 2945 quo
1037 2859 1125 2952 satis⁸

76 2963 113 3027 sit
130 2984 169 3027 ex
184 2962 295 3027 multis
309 2962 446 3028 laudasse
460 2963 643 3049 Diogenem
661 2960 827 3025 laertium
841 2959 923 3026 libro
937 2962 982 3025 ll.
996 2975 1030 3027 et
1046 2962 1110 3027 lII.

75 3064 256 3129 Lucienum
276 3065 400 3129 Parasit.
416 3066 455 3129 T.
470 3065 514 3129 11.
538 3086 571 3150 p.
589 3065 662 3127 860.
699 3065 859 3150 Necyom.
877 3064 916 3127 T.
934 3065 961 3127 l.
984 3084 1017 3148 p.
1032 3081 1109 3147 474.

76 3165 164 3232 lllud
182 3188 247 3231 non
262 3165 521 3251 praetereundum
532 3163 678 3252 sophistas
699 3163 752 3229 hic
769 3186 787 3227 e
802 3164 945 3251 Dionysii
966 3166 1112 3251 persona,

75 3266 141 3332 dici
154 3266 297 3333 universe
311 3267 438 3330 homines
452 3267 548 3330 desios
561 3278 589 3329 et
603 3265 766 3329 doHrinam
779 3263 963 3352 profitentem
986 3288 1065 3354 ergo
1078 3280 1112 3336 et

71 3380 176 3456 poetas
189 3383 224 3434 et
240 3368 420 3457 pbilcffopbos
442 3381 476 3432 et
496 3368 637 3447 rhetores,
661 3381 695 3431 et
715 3366 815 3433 alios:
838 3366 963 3454 dequo
982 3368 1113 3435 nomina

76 3468 227 3557 quaedam
242 3470 381 3533 diximus
399 3491 431 3554 p.
445 3470 499 3554 96.
515 3469 559 3533 A.

123 3572 196 3654 176.
212 3570 252 3634 C.
276 3569 316 3650 ὅ.
338 3569 542 3654 Uenusina-q
573 3567 681 3654 Hujus
707 3567 829 3632 mentio
850 3569 887 3634 fit
911 3569 943 3634 in
972 3569 1113 3637 Platonis

77 3668 218 3756 Epistola
243 3671 287 3734 ll.
309 3671 350 3734 ad
372 3670 560 3757 Dionysium
590 3690 623 3754 p.
641 3670 715 3754 706.
735 3669 774 3733 B.
805 3685 879 3753 707.
898 3672 949 3737 G:
979 3671 1060 3756 'Equi
1084 3674 1113 3736 δῖ

77 3772 146 3858 supi
168 3771 406 3850 Halaisos—aa)
424 3772 493 3858 oripi
514 3771 683 3857 Λυκόφρονος
704 3769 751 3849 καὶ
768 3779 822 3834 τῶν
844 3769 939 3835 ἄλλων
956 3780 1011 3836 τῶν
1027 3771 1113 3859 vapsi

74 3897 120 3936 σοι
138 3872 221 3936 ὄντων
235 3871 313 3956 alym
328 3875 375 3936 καὶ
399 3873 496 3952 πάλη
517 3869 564 3936 aad
584 3878 627 3935 νῦν
647 3873 693 3934 τὸν
714 3873 795 3936 αὐτὸν
814 3872 910 3956 λόγον,
930 3871 971 3936 ὅτι
989 3876 1062 3961 πρὸς
1079 3876 1113 3940 vd

77 3974 259 4059 lunatam
273 3972 319 4054 aa)
332 3973 408 4054 φύσει
423 3971 515 4059 καὶτῇ
533 3971 642 4057 μεθόδῳ
658 3979 711 4036 τῶν
725 3972 816 4056 λόγων
829 3972 970 4054 πάμπολυ
984 3973 1114 4063 διαφίρας

76 4077 177 4138 αὐτῶν·
207 4073 255 4152 ια)
272 4073 351 4148 οὐδεὶς
368 4079 458 4137 minoia
476 4073 543 4137 lutis
564 4073 758 4159 ἐξελέγχω,
774 4072 809 4147 ὥς
826 4099 894 4148 τινες
912 4074 1112 4158 ὑπολαμὲἄνε-

79 4200 122 4239 σιν
140 4177 209 4240 ἀλλ’
223 4174 346 4251 ἄκοντες.
384 4175 480 4241 Unde
500 4190 633 4262 apparet
652 4197 727 4240 eum
750 4174 883 4240 subinde
906 4175 1059 4264 Dionysio
1078 4181 1112 4247 in

81 4276 275 4365 disputando
288 4277 387 4344 veluti
402 4278 588 4344 convislum
607 4264 801 4343 conceffiffei
824 4276 913 4366 quod
927 4299 1002 4346 eum
1017 4282 1113 4351 simu-
