2700 4928
90 308 94 315 '
189 329 250 396 rso
378 318 476 388 nn.
496 325 703 388 minam.
723 321 1017 387 mammeam

181 487 297 572 μᾶργυς
311 486 446 562 idimon·
468 487 584 574 Θᾶῤῥα,
598 485 724 567 dinotet,
744 485 826 567 etan,
844 489 874 550 oti
892 485 936 548 rol
950 482 1025 571 μόνᾳ
1040 483 1131 547 wira
1149 480 1201 567 yt-

183 613 300 751 wiih.
313 687 357 751 D.
379 692 441 751 Ποῦ
455 691 513 775 γὰρ
526 691 563 752 rai
576 690 664 768 repud
678 685 808 772 nriru-]
834 687 876 751 Et
889 682 952 749 hoc
970 683 1014 748 est
1026 679 1103 762 ἆπξ
1114 682 1200 765 σωζό-

45 840 49 849 ,
179 803 278 868 psrer!
302 786 435 852 Grotius
456 787 564 851 retulit
581 787 613 851 in
632 789 790 872 Excerpta
807 808 845 850 ex
862 783 1003 870 Tragicis
1018 782 1148 849 incertis
1167 804 1201 868 p.

179 888 255 971 463.
290 887 361 951 Nee
375 886 466 952 facile
480 887 550 974 quis
565 887 650 951 dicat
667 886 729 951 hoe
748 884 807 949 effe
821 883 916 949 unius
935 904 975 947 ex
992 883 1106 964 tribus,
1120 905 1200 969 quo·

178 1009 250 1051 rum
271 987 395 1074 integra
416 986 457 1052 ad
477 1009 537 1052 noa
560 999 714 1051 venerunt
735 987 898 1051 Dramata.
934 982 1058 1048 Iudicia
1072 982 1199 1069 quidem

178 1085 364 1152 imitationis
378 1087 409 1151 in
425 1087 560 1152 aliormn
573 1086 765 1151 carminibus
781 1085 919 1150 exstant:
942 1107 971 1147 v.
983 1105 1014 1148 c.
1029 1082 1063 1148 in
1077 1086 1197 1150 Luere-

176 1185 215 1250 tii
230 1188 293 1251 Ill.
311 1207 413 1270 10422

259 1288 317 1354 Ille
329 1313 440 1377 quoque
453 1291 510 1378 ipse
523 1291 606 1354 viam
619 1289 671 1376 qui
685 1289 832 1377 quondam
848 1300 901 1374 per
916 1309 996 1350 mare
1007 1309 1151 1374 magnum

182 1426 186 1432 ·
259 1389 389 1468 Stravit,
404 1391 514 1476 iterque
527 1390 609 1453 dedit
620 1389 783 1476 legionibus
794 1389 837 1452 ire
846 1403 900 1475 per
912 1385 1029 1467 altum3

256 1491 304 1555 Ac
312 1490 434 1579 pedidus
440 1490 543 1577 salsas
556 1492 654 1554 docuit
663 1492 757 1577 super
769 1489 815 1552 ire
826 1488 963 1566 lacunam

255 1591 303 1655 Et
315 1592 468 1677 oonteofit,
482 1590 568 1678 aquis
580 1588 736 1676 irfieltanrJ
752 1611 904 1652 murmura
919 1587 1003 1676 ponti
1008 1612 1019 1668 3

258 1680 385 1755 Lumine
398 1693 522 1772 ademto,
537 1691 667 1755 animam
681 1690 849 1755 moribundo
863 1705 976 1778 corpore
985 1690 1091 1776 fudit.

175 1789 301 1858 Manilii
315 1792 374 1857 IV.
390 1793 429 1878 63
443 1816 451 1855 r

260 1893 344 1978 Quid
354 1915 500 1956 numerem
514 1893 629 1979 eversas
642 1892 739 1970 urbes,
752 1913 904 1978 rerumque
915 1889 1044 1955 minere

255 1995 349 2080 laque
362 2016 431 2079 rogo
447 1994 587 2080 Croesum,
604 1993 813 2078 Priamumque
825 1991 857 2054 in
871 1990 967 2054 littore
980 2001 1129 2081 truncum,

257 2093 315 2157 Cui
327 2116 379 2157 nec
393 2094 484 2180 Troja
499 2095 617 2178 rogus?
637 2091 713 2179 quid
723 2091 863 2170 Xerxem,
878 2091 973 2174 majus
986 2104 1016 2154 et
1028 2093 1087 2180 ipso

255 2193 461 2279 Naufragium
479 2192 613 2278 pelago?
1005 2204 1013 2221 ·

171 2293 320 2358 Universa
340 2304 568 2376 argumentum
591 2290 730 2355 declarat
752 2291 930 2356 Menander
953 2291 1016 2356 Ed.
1042 2292 1130 2360 Cler.
1156 2316 1188 2382 p.

171 2393 244 2477 258.
274 2394 311 2456 In
327 2391 429 2456 nostro
443 2390 515 2454 loco
530 2412 587 2476 pro
601 2392 686 2477 βαρὺν
701 2392 782 2457 forte
796 2393 866 2479 quis
879 2393 968 2458 malit
979 2395 1082 2473 aare.
1107 2399 1189 2463 Xer·

120 2517 124 2527 ·
167 2493 217 2557 ris
231 2490 490 2558 commemoratio
508 2490 621 2554 habuit
636 2491 667 2555 in
684 2491 743 2558 hae
759 2493 890 2557 materia
903 2493 1113 2580 frequentiam
1127 2498 1189 2564 loci

168 2592 359 2670 communis,
373 2604 410 2654 ut
423 2590 472 2654 rel
490 2614 528 2654 ex
548 2590 587 2656 iis
600 2592 707 2679 colligi
729 2594 828 2678 potest
844 2594 1007 2679 exemplis,
1027 2619 1099 2684 quae
1113 2621 1186 2689 pro-

169 2696 251 2761 didit
263 2698 294 2763 J.
307 2694 461 2760 Mcurfius
474 2695 515 2758 ad
528 2695 774 2781 Lycophronem
791 2715 882 2778 1414.

212 2820 284 2865 110.
299 2802 337 2863 E.
361 2797 422 2861 Εἶτ’
443 2803 464 2860 εἰ
483 2800 533 2881 pir
551 2798 670 2884 ᾔδεις-]
696 2800 752 2863 Nil
773 2801 804 2866 in
830 2802 1021 2871 Adversariis
1042 2808 1122 2875 meis
1147 2809 1186 2875 de
1210 2880 1221 2891 ,

166 2902 237 2967 sede
251 2915 285 2964 et
298 2900 425 2964 auetore
448 2899 544 2987 hujus
564 2900 725 2965 sententiae
747 2918 933 2969 annotatum
955 2909 1089 2994 reperio.
1126 2910 1186 2977 vi.

165 3001 259 3065 detur
279 2999 338 3063 etse
362 2999 552 3064 Philemonis
572 3001 622 3064 vcl
639 2999 771 3085 Diphili.
810 3003 921 3069 Versui
943 3006 1059 3073 ultimo
1076 3010 1186 3076 Mezi-

164 3102 266 3168 riacus
282 3103 375 3167 aliam
395 3103 575 3182 leuiorem,
596 3125 634 3167 ex
651 3102 843 3188 conjedtura‚
862 3121 900 3172 ut
920 3120 1012 3195 puto,
1026 3113 1184 3198 apposuit,

162 3206 200 3266 ‘0
213 3204 331 3278 θάνατος
345 3208 420 3288 αὐτῷ
433 3211 481 3266 σοῦ
496 3203 608 3287 γέγονεν
621 3203 777 3289 ιῦνοῦςερος.
801 3262 803 3267 .

207 3325 280 3368 110.
297 3305 322 3369 F
324 3344 334 3368 ι
349 3303 424 3383 ''an
445 3305 495 3385 pir
514 3301 592 3378 utet„
615 3301 669 3376 ὅςις
688 3307 717 3366 οὐ
735 3309 808 3369 narei
819 3308 935 3394 lipardi]
967 3309 1183 3379 Nobiliffimus

160 3405 250 3469 loeus
271 3426 310 3469 ex
330 3403 489 3489 Euripidis
510 3403 697 3490 Hypsipyle,
713 3405 769 3469 ubi
782 3408 994 3494 Amphiaraus
1011 3408 1185 3500 alloquitur

160 3504 353 3592 Eurydicem
377 3504 495 3569 mortui
517 3504 705 3568 Archemori
725 3508 847 3592 pueruli
864 3525 1010 3575 matrem.
1046 3515 1184 3582 Eosdem

159 3607 264 3672 versus
277 3620 310 3670 et
324 3606 356 3668 in
372 3605 535 3669 Crantoris
550 3606 773 3671 Consolatione
787 3610 927 3675 exstitiffe
942 3611 1064 3695 dicam
1087 3616 1182 3704 tiqui·

160 3709 234 3774 dem
249 3729 303 3772 eos
317 3707 430 3772 Cicero
442 3727 568 3792 quoque
584 3706 730 3771 adhibuit
743 3711 834 3774 Tusc.
847 3711 908 3775 ΙΙΙ.
919 3732 971 3798 25.
986 3735 1183 3804 quamquam

158 3825 192 3876 et
213 3811 280 3898 post
298 3808 486 3874 Crantorem
510 3808 703 3894 Chrysippus
725 3811 950 3894 conlaudavit,
974 3816 1181 3901 reprehensus

156 3911 230 3977 ideo
253 3934 272 3976 a
295 3909 475 3974 Carneade:
510 3907 562 3972 sed
585 3908 677 3995 juvat
701 3910 862 3976 Ciceronis
891 3915 984 3980 rerba
1007 3938 1179 4004 apponere.

156 4013 292 4077 Quocirca
312 4011 488 4086 Carrreadar,
503 4021 537 4070 ut
551 4010 635 4072 video
649 4009 771 4094 nostrum
782 4013 914 4097 scribere
927 4016 1116 4101 Antiochum,
1129 4045 1178 4087 η.

148 4114 328 4197 prehendere
350 4109 537 4199 Chryfippum
548 4108 678 4195 solebat,
701 4109 872 4180 laudantem
890 4114 1088 4204 Euripideum
1109 4146 1180 4189 cur·

154 4234 219 4274 men
234 4212 322 4288 illud,
