2700 4928
254 424 257 431 .
384 379 440 439 na
461 379 941 456 surumrmonu.p.1or.u.
1121 389 1181 454 997

138 536 252 603 Postea
265 540 400 607 uberius
413 543 542 629 quaestio
556 543 688 629 agitata,
702 556 735 608 et
749 541 866 628 duplex
878 563 982 628 genus
993 541 1178 605 demonum

138 636 294 705 habitum
314 643 377 722 -ell,
402 643 560 708 bonorum
582 657 616 706 et
641 644 816 708 malorum:
846 642 974 729 dequo
998 641 1177 706 discrimine

138 738 338 808 Plutarchus
351 743 421 831 egit
442 744 472 808 in
493 745 574 811 libro
588 747 640 811 De
654 745 793 811 Desedtu
807 747 902 811 Orac.
920 767 951 831 p.
964 762 1039 829 415.
1054 757 1088 806 et
1102 742 1177 807 alibi

138 837 236 926 laepe.
275 844 409 909 Nomen
429 845 646 928 δεισιδαιμονίας,
661 845 928 932 quandocumque
949 845 1089 932 primum
1111 843 1175 927 sre-

138 946 292 1027 quentari
307 946 419 1033 ooepit,
439 962 526 1014 certe
544 949 585 1013 ad
605 964 778 1035 utrumque
792 971 908 1037 genus,
923 961 956 1012 ct
970 947 1047 1021 deos
1061 959 1094 1010 et
1109 944 1176 1009 dae·

138 1064 271 1125 moneo,
286 1046 426 1113 relatum
438 1049 501 1112 et:
526 1049 613 1114 seda
630 1048 724 1115 laude
743 1049 895 1137 paulatim
915 1048 956 1112 ad
974 1048 1039 1112 vitii
1058 1046 1175 1133 fignifi-

138 1144 307 1211 cationem
326 1147 416 1213 abiit.
452 1151 540 1214 Nam
560 1151 678 1215 bonam
693 1172 821 1237 quoque
838 1149 869 1214 in
887 1164 1010 1235 partem
1024 1147 1064 1213 de
1077 1147 1175 1233 obser·

138 1248 253 1311 coalia
265 1247 428 1335 constituta
441 1249 593 1337 religionis
609 1251 794 1337 usurpatum
813 1264 944 1337 apparet
963 1273 1001 1314 ex
1019 1252 1175 1315 Veterum

139 1344 245 1413 looie:
273 1348 372 1415 veluti
394 1352 620 1437 Xenophontis
647 1353 818 1440 Cyropaed.
842 1354 904 1416 111.
926 1371 959 1437 3.
982 1353 1021 1417 6:
1055 1350 1174 1438 Agefil.

143 1444 205 1512 xl.
219 1448 252 1513 8.
292 1450 417 1538 Polybii
430 1453 560 1537 Vl..56.
576 1469 611 1536 7:
634 1475 828 1539 quamquam
846 1466 879 1518 et
895 1445 947 1517 hic
967 1465 1001 1516 et
1013 1452 1088 1517 alibi
1103 1474 1173 1517 me·

147 1544 199 1611 dia
218 1550 405 1637 fignificatio
422 1553 550 1618 retineri
572 1553 692 1639 potestr
716 1569 750 1618 ct
766 1552 958 1641 Hesychius,
979 1557 992 1614 ὁ
1011 1550 1131 1630 neustr,
1151 1554 1173 1638 ‘l

152 1650 230 1724 ωσι
242 1653 311 1738 vrpl
324 1651 412 1726 θεούς·
433 1653 513 1740 pius,
530 1666 558 1717 el
577 1654 696 1718 timidus
709 1677 782 1740 erga
797 1656 882 1718 deos:
905 1652 961 1717 ubi
981 1651 1014 1717 iu
1028 1652 1173 1716 eamdem
1295 1662 1300 1671 '

156 1768 216 1813 rem
226 1752 372 1837 quadam
394 1768 486 1818 notat
501 1754 678 1819 Albertius.
715 1753 779 1820 Sed
792 1754 857 1833 illa,
872 1775 1084 1842 quaecumque
1099 1751 1172 1832 suit,

159 1846 249 1915 laudis
266 1853 463 1938 significatio,
485 1854 613 1940 penitus
634 1854 750 1918 obruta
764 1855 806 1918 est
819 1877 839 1918 a
854 1854 1021 1920 deteriore.
1056 1855 1173 1940 Neque

163 1949 243 2016 etiam
256 1952 389 2035 φοέιῖθαι
407 1959 481 2034 θοὸν,
498 1954 577 2038 esses
594 1962 670 2034 θεοῦ,
691 1955 832 2020 universe
847 1954 888 2019 de
905 1955 1016 2043 pietate
1032 1979 1106 2041 erga
1119 1955 1172 2017 de·

165 2072 214 2129 ιιι,
231 2054 314 2121 dicta
332 2056 424 2120 suntr
451 2079 522 2142 quae
542 2059 585 2122 est
607 2056 792 2142 fignificnio
812 2055 1035 2121 ecclesiastiea:
1058 2053 1112 2120 sed
1132 2053 1173 2121 de

168 2172 217 2218 una
230 2155 337 2223 saltem
358 2158 484 2244 pietatis
501 2171 591 2244 parte
606 2181 655 2236 ea,
670 2181 742 2245 quae
760 2157 944 2222 continetur
956 2155 1142 2221 abstinentia
1153 2179 1174 2221 a

168 2252 388 2323 malefaciendo
402 2259 542 2344 prosedla
556 2259 610 2323 illa
623 2281 662 2324 ex
676 2274 765 2324 metu
780 2259 893 2324 divinae
907 2256 1065 2324 vindislae.
1099 2258 1174 2345 Qua
1233 2248 1237 2255 ’

169 2350 199 2418 de
209 2380 236 2422 re
249 2383 353 2448 operae
368 2361 505 2447 pretium
521 2362 563 2425 est
580 2361 770 2448 cognoscere
784 2362 939 2426 Veterum
954 2359 1038 2424 dicta
1052 2359 1171 2424 Calau-

157 2453 234 2524 *bono
257 2476 432 2527 memorata
452 2463 485 2527 in
511 2462 615 2548 prima
637 2461 901 2526 animadverfione
922 2461 963 2524 ad
982 2460 1172 2546 Theophra-

169 2555 245 2628 sleuur
259 2564 481 2630 Charaeterem
496 2563 725 2646 Δοσιὸιιιμοιίιις.
759 2564 853 2642 Sane,
869 2562 924 2628 ubi
940 2562 1087 2627 uuiversae
1102 2561 1172 2648 pic·

168 2661 268 2730 latitet
280 2667 345 2732 veri
358 2689 435 2752 erga
449 2668 608 2732 summum
629 2687 749 2730 numen
770 2665 901 2729 affectus
923 2663 1003 2727 ratio
1025 2663 1171 2741 habetur,

165 2756 199 2825 lbi
212 2763 340 2845 σι’θσθαο,
361 2771 456 2851 τιμᾷι,
479 2764 606 2844 recreer,
627 2763 747 2842 εύσεὸὴς,
770 2764 905 2847 pullu„
926 2760 1066 2839 θεοσιὸὴς,
1080 2763 1171 2827 usur·

165 2878 250 2945 potor.
285 2868 339 2932 Sic
361 2868 403 2931 est
426 2868 457 2930 in
481 2865 674 2954 pervulgatis
697 2865 756 2930 illis
778 2862 966 2950 praeceptis:
995 2885 1024 2925 v.
1040 2884 1070 2927 c.
1108 2865 1170 2950 Py-

163 2962 302 3055 thagorici
323 2967 481 3033 Carminis
495 2968 612 3033 Aurei:
627 2967 786 3042 Ἀθιιιίισιις
803 2967 853 3048 μὶν
872 2974 975 3049 πρῶτοι
992 2966 1080 3044 θοοὺς,
1100 2965 1172 3054 νόμῳ

158 3068 333 3150 ὅςδιοὶκοιται,
346 3069 436 3152 Τι’μοι·
458 3071 481 3156 ᾖ
501 3067 572 3134 alda
594 3067 682 3158 speon
719 3068 772 3133 Sic
788 3067 955 3132 Philemon
975 3067 1061 3154 apud
1078 3068 1169 3133 Stob.

157 3168 258 3260 llelog.
284 3171 361 3236 Eth.
385 3194 417 3257 p.
437 3173 509 3257 156.
531 3170 617 3257 apud
639 3172 732 3236 Grot.
756 3191 789 3256 p.
808 3189 880 3253 170.
903 3168 958 3254 qui
979 3169 1065 3235 relle
1085 3169 1171 3235 illiue

154 3293 259 3338 nomen
284 3295 344 3360 pro
367 3273 497 3337 Philetae
521 3273 650 3338 nomine
672 3270 796 3358 posuit:
819 3273 893 3335 Θεὸν
913 3269 1003 3354 vop-lgr
1022 3273 1068 3335 nal
1087 3271 1171 3352 σι’ὅιι,

152 3374 213 3457 lira
233 3376 326 3458 δὶμῆ.
364 3373 565 3461 Phocylldes‚
587 3372 643 3460 qul
664 3371 793 3452 dicitur,
816 3374 852 3436 6:
882 3378 992 3460 Πρῶτοι
1009 3375 1069 3437 θοὸν
1086 3372 1170 3455 τίμα,

147 3478 289 3559 unm
310 3477 337 3540 ll
359 3479 415 3539 σιῑο
433 3480 544 3560 perier.
581 3475 689 3541 Quare
712 3473 743 3539 in
766 3474 922 3561 Isocraten
943 3473 1095 3540 Oratione
1117 3473 1171 3540 Ad

145 3579 360 3645 Demonicum
385 3597 416 3663 p.
436 3597 476 3662 92
498 3579 552 3640 Τὸν
574 3577 624 3659 μοι
648 3577 710 3639 θεὸν
732 3573 826 3658 φοόοῡ,
849 3577 909 3650 τοὺς
931 3575 959 3638 ll
980 3581 1067 3660 γονεῖς
1085 3576 1167 3658 rlpa·

143 3682 201 3756 τοὺς
218 3681 246 3744 δὲ
264 3679 348 3763 φίλος
370 3678 485 3763 ιιίχόιο·
506 3682 562 3753 τοῖς
578 3678 604 3741 ti
626 3677 712 3760 νόμοις
725 3678 827 3742 πείθει·
852 3692 889 3742 ut
906 3677 938 3741 in
958 3676 1104 3764 populari
1117 3700 1169 3742 ar·
1264 3728 1270 3737 .

141 3794 310 3869 granicum,
332 3779 494 3844 auelorem
516 3778 660 3864 scripfisse
681 3793 807 3864 putem,
823 3781 893 3854 Τοὺς
910 3781 960 3861 μὶν
979 3781 1056 3854 θιοὺς
1074 3777 1167 3844 cleu·

141 3897 272 3947 namet
293 3879 448 3967 pluralem
468 3879 547 3943 dant
569 3878 712 3967 plerique
733 3880 872 3959 codices,
894 3901 988 3967 quem
1011 3879 1169 3947 christiani

139 3982 290 4050 librarii
281 4005 314 4047 m
341 3981 530 4068 singularem
556 3981 688 4046 mutasse
710 3980 870 4046 videntur.
914 3982 1040 4045 Poterat
1060 3981 1173 4048 locum

139 4083 312 4152 haberem
335 4083 437 4161 scena,
459 4079 548 4156 Φόὲος
568 4085 607 4144 τοὶ
627 4086 752 4145 tnta·
710 4087 782 4147 τοῖσι
801 4081 922 4169 σώφροσι
943 4085 1057 4168 βροτῶν·
1081 4082 1171 4170 quod

142 4184 356 4253 Plutarchus
349 4199 394 4247 ita
414 4180 619 4269 reprehendit
639 4185 692 4247 De
707 4181 871 4248 Audiend.
887 4184 975 4246 Poet.
984 4203 1032 4300 p.
1045 4203 1099 4270 34.
1114 4187 1166 4250 A·

141 4286 197 4368 Kal
216 4290 271 4370 μὴν
293 4287 427 4367 οὐδαμῶς,
453 4282 557 4368 (esset)
581 4287 661 4348 ἁλλὰ
683 4283 787 4368 θάρσος
806 4287 845 4348 σοὶ
864 4286 929 4349 dria
952 4308 1024 4349 σοισι
1046 4285 1169 4376 σώφροσι

612 4403 632 4471 3
649 4403 700 4471 ⁸3
