2700 4928
241 353 717 419 moeurauuouruuc.
737 352 933 434 p.1e7.e‚c.
1020 358 1095 425 109³

66 517 128 599 χῆν
140 514 312 602 *sampigneio
332 517 480 599 λᾶμθανα,
498 522 530 583 ri
550 519 577 581 δὲ
598 520 646 582 σὸν
664 516 751 604 μέχρι
769 525 817 581 σοῦ
834 521 883 595 τὴν
899 515 977 591 δόξαν
991 512 1096 591 ineu.

60 612 126 680 Ἠν
139 622 197 701 γὰρ
211 622 225 679 ὁ
237 620 393 707 Ἰφικράτης
404 625 434 683 ix
448 619 561 684 anuline
571 619 900 705 prytanis-reliquam
913 614 1009 701 hujus
1021 636 1095 678 nar·

68 717 203 785 rationis
225 733 347 804 partem
367 722 571 807 apposuimus
589 721 631 785 ad
648 719 699 789 α’.
724 721 776 784 De
797 719 857 783 hac
876 717 1020 784 oratione
1037 715 1096 780 live

67 819 169 905 1156ae
188 821 247 885 srve
267 821 448 905 Iphicratis,
470 837 556 887 certe
577 823 618 886 ab
638 821 798 907 Iphicrate
817 820 912 900 dieta,
932 819 986 905 qui
1004 818 1096 902 plura

66 921 261 1006 cognoscere
289 924 424 1003 student,
452 947 490 988 ea
515 939 626 1010 petant
647 925 687 989 ab
711 926 742 989 J.
769 922 907 1010 Tayloro
928 922 968 985 ad
993 918 1094 1007 Lysiae

67 1022 196 1109 Fragm.
212 1045 245 1108 p.
257 1027 331 1109 637.
347 1027 457 1111 etseq.
490 1026 544 1091 Ad
558 1025 703 1091 eamdem
716 1023 969 1089 confutationem
984 1042 1092 1107 repre·

66 1121 173 1186 henste
198 1123 408 1210 ignobilitatis
432 1127 592 1212 pertinent
614 1125 697 1191 dieta
718 1125 886 1210 Iphicratis
907 1121 994 1208 apud
1014 1119 1092 1186 Ari·

64 1219 209 1287 stotelem
226 1223 320 1290 Rhet.
337 1228 364 1289 I.
379 1243 409 1308 7.
426 1230 457 1290 8.
478 1241 512 1290 et
525 1226 712 1290 nominatim
737 1228 781 1289 ll.
797 1243 835 1310 23
853 1249 861 1287 ι
885 1222 931 1303 xe)
943 1225 978 1296 ὥς
992 1227 1006 1285 ὃ
1019 1224 1090 1304 ’lea
1202 1292 1206 1300 ⁸

64 1322 178 1407 κρόκης·
202 1323 243 1387 ὅτι
263 1327 452 1409 γενναιότατος
472 1333 485 1390 ὅ
506 1326 643 1406 βᾶλτιςος·
667 1327 713 1405 καὶ
727 1331 783 1412 γὰρ
796 1316 931 1411 ‘Appellat
944 1324 966 1410 a}
978 1326 1092 1409 Ἀρνςο·

63 1423 165 1508 γίνονι
187 1428 259 1488 oilie
278 1428 412 1514 πρότερον
433 1433 538 1514 ὑπῆρχε
559 1432 681 1512 γενναῖον
700 1430 768 1512 πρὶν
782 1426 902 1512 γενναῖόν
920 1452 948 1488 τι
969 1427 1089 1511 welfo?

64 1523 112 1603 ια)
124 1524 165 1588 ὅτι
180 1527 364 1615 σνγῖενίςιρος
385 1528 475 1604 αὐτός·
499 1533 537 1592 τὰ
558 1537 624 1614 γοῦν
640 1529 710 1616 ἔργα
723 1526 899 1612 σνγῖενέςερᾶ
919 1531 959 1599 teu
980 1531 1017 1589 roi
1035 1527 1092 1606 ipa

63 1630 121 1700 τοῖς
132 1628 265 1713 ‘hypodia
286 1632 334 1692 ml
348 1630 561 1715 Ἀριςογεῖτονος
576 1630 590 1707 l
603 1634 642 1692 roi
655 1630 706 1693 σά.
743 1630 888 1694 Stobaeus
903 1626 1009 1692 Floril.
1024 1627 1091 1691 Tit.-

63 1730 251 1794 LXXXIV.
269 1753 302 1817 p.
315 1753 390 1819 493.
408 1734 438 1796 in
455 1733 640 1797 brevitatem
655 1731 833 1796 contraxit:
855 1729 1010 1814 Ἰφικράτης
1024 1731 1091 1792 ὄνε-

60 1831 195 1914 legiferum
209 1838 245 1906 εἷς
258 1834 423 1918 δυσγένειαν,
433 1833 517 1919 Ἐγω
527 1834 614 1922 ἄρξω,
628 1833 696 1914 elne,
710 1840 745 1896 τῦ
759 1833 851 1918 γένυς·
875 1831 928 1894 nist
944 1830 1090 1895 libratim

63 1934 240 1998 mutilavit:
257 1936 342 2021 quod
359 1950 468 2000 autem
486 1937 582 2024 hujus
601 1933 783 2021 argumenti
805 1933 927 1998 dietum
946 1931 1093 2018 proxime

61 2032 182 2100 ibidem
198 2037 342 2116 refertur,
357 2037 495 2118 Sostrati,
512 2038 607 2123 plane
620 2036 717 2101 imile
729 2037 772 2101 est
787 2034 875 2100 huic.
902 2037 948 2098 At
961 2033 1024 2099 hoc
1037 2054 1089 2097 ar-

62 2137 163 2223 ripuit
176 2138 366 2224 compilator
380 2140 478 2203 libelli
501 2137 820 2204 Pseudo-Plutarchei
839 2138 892 2204 De
911 2133 1089 2202 Nobssitate

59 2239 139 2304 edit.
156 2239 261 2305 Wolf.
277 2263 309 2326 p.
323 2243 396 2325 263.
411 2241 521 2305 nollrae
537 2242 568 2323 ξ.
584 2260 638 2310 21.

106 2344 179 2426 187.
194 2344 231 2405 B.
253 2341 306 2427 52]
332 2342 522 2408 Notavimus
535 2343 575 2407 ad
591 2365 623 2429 p.
635 2364 687 2428 99.
702 2344 742 2406 E.

108 2444 181 2526 187.
196 2443 234 2506 B.
256 2449 490 2508 ΤΙΜΟΘΕΟΥ.
512 2445 565 2529 α’.]
592 2445 780 2509 Plutarchus
800 2443 835 2508 in
855 2444 943 2532 Sylla
964 2465 996 2531 p.
1011 2460 1087 2529 454.

60 2547 101 2626 B,
117 2545 158 2610 C.
178 2545 265 2609 aliud
285 2546 465 2632 responsum
484 2547 646 2611 Timothei
660 2547 700 2610 ad
716 2545 788 2610 istos
803 2546 998 2612 cavillatores
1014 2570 1089 2612 nar·

61 2660 124 2726 rat,
149 2661 301 2711 caeterum
326 2648 467 2712 tabulam
494 2649 612 2733 piEtam
639 2646 734 2733 hujua
760 2647 940 2734 argumenti
967 2648 1085 2713 referte

60 2746 125 2811 line
143 2748 289 2833 responso
309 2749 362 2812 De
381 2746 518 2833 Malign.
533 2747 656 2811 Herod.
671 2769 704 2833 p.
717 2748 790 2831 856.
804 2749 842 2812 Β.
869 2747 991 2811 Tabula
1011 2746 1086 2834 plu·

58 2849 148 2912 ribus
169 2864 365 2913 memoratur
386 2850 484 2914 veluti
497 2848 626 2914 AEliano
639 2850 715 2913 Ver.
735 2847 815 2912 Hill.
831 2850 926 2911 Xlll.
941 2867 1004 2932 43:
1029 2847 1088 2931 Ka>

59 2950 239 3033 οίζόνγραφοι
251 2951 279 3012 δὲ
294 2951 460 3013 καθεύδοντα
474 2950 564 3012 {noim
582 2951 662 3013 αὑτὸν
678 2951 864 3035 κωμῳδοῦντες
885 2950 927 3010 ἐπὶ
947 2955 994 3025 rie
1012 2970 1095 3028 exn-¹

872 2322 884 2357 Ι

59 3056 111 3126 νῆς·
136 3051 196 3113 rita
214 3053 279 3138 deig
295 3057 341 3126 τῆς
360 3057 478 3132 tepentis
492 3051 631 3137 ἂπῃώρητο
654 3057 747 3123 ἑςῶσα
766 3058 781 3128 ἡ
801 3051 896 3134 Τύχη,
918 3049 1028 3115 lanera
1048 3057 1086 3129 εἷς

58 3151 155 3238 νόμον
173 3158 224 3226 τὰς
248 3151 356 3227 πόλεις.
393 3152 506 3218 Suidas
528 3153 560 3216 in
582 3151 726 3233 Τιμόθεος,
747 3165 781 3216 et
800 3151 986 3216 Scholialles
1006 3154 1083 3218 Ari·

58 3253 218 3339 stophanis
242 3255 325 3318 Plut.
344 3255 415 3318 180.
437 3253 544 3317 iisdem
568 3253 651 3317 inter
672 3253 703 3317 se
721 3254 822 3318 verbis
837 3254 1084 3336 consentientem

59 3353 219 3439 Ulpianus
242 3357 386 3419 Enarrat.
404 3355 436 3417 in
453 3356 509 3418 Or.
525 3347 691 3419 Demosth.
707 3354 843 3441 Olynth.
858 3357 902 3418 ll.
925 3377 957 3441 p.
972 3374 1026 3440 30.
1041 3359 1083 3421 A.

59 3455 156 3540 paulo
177 3455 313 3534 dinemo,
334 3456 437 3542 magis
457 3477 532 3519 cum
554 3454 653 3520 altera
669 3455 830 3522 Plutarchi
851 3455 1027 3522 narratione
1051 3458 1084 3522 iu

58 3557 156 3645 Syllae
179 3557 267 3637 Vita,
291 3571 484 3644 congruunt.
521 3558 608 3622 Hinc
632 3558 833 3623 Proverbium
855 3558 966 3623 natam
989 3561 1084 3647 κῦςτος

56 3665 136 3746 alpe,
153 3659 185 3722 in
200 3659 403 3745 Diogeniano
420 3661 477 3723 lV.
493 3661 533 3742 65
546 3683 554 3722 ι
577 3658 728 3745 Append.
743 3661 849 3727 Vatic.
862 3663 958 3747 1.91ε
975 3665 1082 3726 Zeno·

57 3760 112 3825 bio
143 3761 200 3824 lV.
225 3761 256 3823 8.
281 3761 337 3823 ubi
362 3759 521 3823 historiam
549 3760 692 3846 exposuit
719 3761 881 3825 Schottus.
916 3762 1082 3827 Timothei

56 3861 194 3926 felicitae
213 3861 245 3924 in
264 3861 349 3925 bello
369 3861 475 3925 minus
492 3873 586 3946 grato
605 3861 712 3926 animo
733 3863 773 3926 ab
791 3884 831 3925 eo
845 3877 977 3947 accepta
990 3863 1080 3927 inde-

57 3963 179 4048 quein
205 3962 424 4027 infelicitatem
451 3964 608 4041 conversa,
637 3965 781 4050 proditur
806 3963 904 4028 etiam
930 3985 951 4026 a
975 3965 1083 4030 Dione

58 4061 174 4149 Chrys.
189 4064 279 4128 Orat.
296 4065 416 4128 LXIV.
439 4084 471 4147 p.
485 4079 561 4149 597.
579 4064 620 4128 C.

101 4164 174 4246 187.
190 4165 229 4228 C.
245 4163 298 4251 β’.]
327 4165 447 4228 Chares
462 4164 514 4229 ille
530 4164 592 4228 fuit
606 4163 868 4252 cujusjatiantiae
882 4165 944 4230 hoc
959 4165 1082 4235 didum

57 4256 187 4353 objecit.
223 4268 277 4336 Sic
292 4267 478 4335 Plutarchus
500 4267 532 4331 iu
557 4267 706 4354 Pelopida
727 4288 760 4354 p.
777 4267 851 4352 278.
865 4270 920 4334 D:
944 4274 1084 4346 Καλῶςὸ

521 4387 618 4451 41¹4
1155 4387 1158 4394 ’

1057 4614 1168 4640 Α
