2700 4928
32 398 38 412 ,
173 333 763 398 001110111101101001111111.
777 330 970 414 pronus.
1024 341 1080 405 721

54 496 96 587 ῥ’
117 496 182 560 αἶαν
201 497 236 561 in
256 497 408 562 omnibus
428 497 570 585 quamvis
590 496 677 564 libris
694 496 867 585 proditum,
889 494 1081 560 mutandum

55 593 86 658 in
101 599 192 676 ἀνιᾶν,
208 621 372 678 mmmmm,
386 599 562 665 censemus.
890 590 897 605 '

99 700 173 761 106.
186 698 231 763 D.
252 702 328 781 μηνὶ
339 697 489 779 πείσματος
503 697 718 785 τιθαρῤηκὸοοος]
743 699 783 763 Β.
797 696 1003 783 τνθαρῥηκότος.
1025 696 1079 760 Est

54 811 164 862 autem
185 802 284 865 rarius
303 799 494 864 vocabulum
514 805 620 880 πεῖσμα
638 800 768 865 notione
784 798 996 886 persuastoais:
1018 820 1080 862 nec

55 896 123 982 ejus
144 901 290 986 exempla
309 901 418 965 attulit
437 901 618 985 Stephanus
639 901 732 965 Thes.
751 903 790 964 L.
808 901 867 964 Gr.
889 901 929 964 T.
952 901 1012 963 lIl.
1041 921 1076 985 p.

60 1017 132 1082 132.
155 1021 213 1065 nec
235 1001 415 1065 Gatakerus
437 1000 477 1065 ad
498 1000 549 1064 Μ.
568 1001 722 1065 Antonin.
739 1002 848 1066 111.6.
870 1000 911 1065 de
931 1000 1078 1086 cognatis

57 1097 331 1183 significationibus
357 1115 391 1166 et
418 1101 599 1166 nominibus
621 1100 811 1166 disserentes.
853 1100 947 1166 Illam
968 1117 1076 1167 tamen

58 1198 218 1265 notionem
232 1201 329 1266 habet
341 1201 502 1288 Epittems
516 1201 642 1267 Differt.
659 1204 705 1267 11.
722 1221 773 1269 20.
794 1225 827 1288 p.
842 1221 926 1288 299:
948 1207 1076 1290 Λοκοῦρ·

59 1325 104 1383 7ος
116 1307 208 1364 ταῦτα
220 1307 259 1366 τὰ
271 1301 421 1384 πείσματα
436 1302 582 1380 ἐνεποίησεν
601 1306 690 1378 αὐτοῖς
707 1306 752 1368 διὰ
768 1313 822 1368 τῶν
835 1303 919 1386 νόμων
932 1307 1015 1369 αὐτοῦ
1028 1304 1077 1384 καὶ

57 1403 256 1482 firmamina,
271 1402 310 1467 dra
329 1403 389 1467 οὔτε
404 1406 437 1468 το
455 1404 573 1468 dandus
592 1404 691 1490 αἰχςὸν
710 1410 750 1478 ier
770 1404 914 1488 μᾶλλονῆ
936 1405 1074 1470 nsaw.

62 1501 295 1569 Restituendum
320 1504 494 1592 Porphyrio
515 1504 547 1568 in
570 1504 729 1570 Gradibus
746 1506 769 1570 s.
789 1505 961 1570 Sententiis
986 1505 1076 1588 (edit.

61 1601 241 1691 cantabrig.
263 1605 294 1668 8.
319 1605 426 1688 1655.)
458 1626 491 1689 p.
514 1625 595 1690 239:
623 1607 656 1668 ri
676 1606 730 1668 ἀπὸ
752 1606 835 1670 τούτο
857 1605 1007 1693 ὁρμώμενον
1027 1614 1076 1671 τοῦ

60 1700 224 1784 σώματος·
248 1704 403 1789 interpres
418 1703 534 1782 reddit,
548 1705 627 1790 qrtod
644 1704 683 1766 ab
703 1705 753 1768 boc
761 1702 961 1789 fundamento
977 1705 1075 1789 exstar-

56 1801 121 1887 gr'tr
140 1803 317 1890 legendum
335 1801 504 1886 crispam,
518 1804 597 1891 quod
619 1803 657 1866 ab
672 1803 729 1865 hac
748 1804 926 1890 persasaswne
943 1803 1075 1890 proficis·

59 1913 143 1967 cttrtr.

100 2006 172 2071 106.
185 2006 231 2071 D.
252 2005 336 2081 'fiel'
351 2006 550 2092 1ς18οῦλος-]
575 2002 766 2070 Notavimus
781 2024 814 2090 p.
828 2023 882 2088 34.
896 2005 935 2068 B.

99 2109 173 2171 106.
191 2109 236 2171 D.
261 2105 346 2184 ”Alia
372 2106 443 2192 ἔχων
464 2108 616 2192 wib]
650 2107 727 2170 Non
750 2105 878 2170 aliunde
896 2105 1083 2192 cognitum,

57 2206 130 2272 hinc
156 2207 190 2273 iu
220 2210 337 2272 lncert.
362 2209 457 2294 Trag.
481 2210 637 2292 Excerpta
665 2205 769 2291 posuit
797 2206 927 2271 Grotius
949 2228 982 2292 p.
1000 2209 1075 2290 463.

62 2307 253 2373 Proverbiale
266 2307 370 2394 τρέμον
381 2308 480 2382 σκνᾶςο
503 2309 545 2372 est
559 2305 645 2393 apud
658 2306 825 2371 Arislidem
838 2307 876 2371 T.
891 2307 917 2370 1.
935 2330 968 2393 p.
979 2309 1032 2373 62.

99 2410 172 2473 106.
185 2410 231 2475 D.
252 2409 600 2495 Τ1γᾶρτ1χαληόμ]
627 2407 718 2471 Haec·
729 2406 878 2494 deinceps
896 2407 941 2471 ita
962 2408 1074 2488 verbis,

58 2508 259 2588 didiiouibus,
281 2509 507 2594 compositione
524 2530 544 2574 a
561 2507 682 2593 reliquo
702 2508 797 2596 hujus
810 2508 908 2574 libelli
921 2509 998 2595 stylo
1012 2510 1076 2573 dif-

57 2612 176 2687 ferunt,
190 2624 227 2674 ut
239 2632 278 2674 ex
293 2609 374 2674 libro
388 2609 551 2674 Crantoris
568 2608 723 2694 descripta
742 2609 896 2688 censeam,
915 2624 1000 2674 certe
1021 2611 1074 2675 us·

56 2733 118 2796 que
134 2727 205 2792 107.
220 2711 263 2774 A.
283 2712 322 2773 Ὀ
336 2718 402 2794 γοῦν
416 2709 624 2791 Σιμωνίδης-ο
649 2710 730 2773 forte
744 2710 840 2775 etiam
854 2709 947 2774 ultra.

97 2812 171 2874 106.
185 2813 229 2875 D.
264 2813 405 2895 δυσανιῶν]
436 2812 579 2875 Verbum
606 2811 638 2873 in
669 2810 792 2875 Lexicis
816 2810 904 2876 nullo
931 2811 1076 2898 exemplo

58 2912 230 2991 munitum,
239 2927 347 2978 tuetur
361 2914 391 2977 se
406 2912 527 2976 ratione
540 2925 576 2977 et
588 2910 779 2997 cognitione
793 2911 929 2977 nominis
943 2912 1075 2990 δυσάνιος,

57 3013 97 3078 de
116 3036 183 3099 quo
202 3015 384 3100 Stephanus
404 3012 496 3077 tues.
512 3015 551 3076 L.
566 3013 625 3077 Gr.
639 3015 677 3078 Τ.
695 3012 722 3077 l.
745 3033 778 3097 p.
792 3029 867 3096 457.
902 3016 935 3079 A
948 3011 1076 3099 vulgata

58 3114 191 3179 teutone
203 3137 286 3178 unus
302 3113 401 3178 codex
414 3114 452 3177 B.
468 3111 647 3176 dissentiens
661 3111 818 3176 datdonis.

98 3215 172 3278 106.
184 3216 223 3279 E.
236 3213 432 3301 Ἡράκλειτος]
456 3214 532 3276 Non
546 3211 620 3276 alibi
634 3211 767 3276 citatum
781 3211 972 3277 invenimus:
996 3236 1074 3279 con·

59 3315 143 3380 seuit
157 3337 233 3380 cum
247 3313 428 3380 Heraclitaa
441 3311 597 3392 docirina,
615 3325 735 3377 etcum
757 3312 825 3378 aliis
844 3313 983 3399 ejusdem
998 3316 1075 3381 essa·

60 3417 110 3480 tis.
146 3417 198 3481 De
214 3415 269 3480 illa
288 3413 423 3500 longum
436 3414 480 3478 est
491 3435 660 3499 exponere,
679 3425 712 3478 et
730 3414 802 3478 latis
826 3414 865 3478 de
883 3413 945 3481 hoc
958 3417 1077 3501 placito

60 3518 192 3585 diximus
206 3517 238 3582 in
253 3514 476 3601 Disputatione
488 3514 528 3600 de
543 3513 755 3600 Opinionibus
768 3516 921 3581 Veterum
936 3517 1042 3582 Philos
1062 3555 1075 3567 -

58 3621 194 3708 phorum
222 3618 257 3682 in
281 3617 366 3696 loco,
392 3617 447 3702 qui
474 3612 516 3681 est
537 3616 577 3680 de
597 3616 790 3681 Animorum
821 3619 1076 3698 Immortalitate,

59 3717 321 3808 quaehDisputatio
333 3718 428 3782 exstat
444 3716 478 3780 in
495 3716 586 3782 Astis
606 3717 751 3782 Sodalitii
769 3718 1076 3806 TeylcrianiHarle·

58 3820 181 3900 meniis,
202 3841 287 3883 anno
304 3819 397 3903 1783.
432 3818 530 3882 Nunc
551 3818 591 3882 de
612 3817 673 3882 hoc
695 3819 896 3903 peculiariter
915 3818 987 3882 loco
1004 3840 1076 3883 mo-

55 3920 210 3989 uendum.
247 3920 322 3982 Hoc
343 3917 444 4003 ipsum
466 3916 514 3983 vel
533 3916 697 4003 geminum
712 3914 868 3983 Heracliti
881 3918 1001 3981 dicium
1024 3917 1078 3980 srbi

55 4020 249 4112 propositum
260 4017 377 4084 habuit
388 4018 501 4091 Sextus
514 4016 693 4103 Empiricos
705 4019 909 4106 Hypotypos.
923 4016 1078 4104 Pyrrhon.

55 4125 118 4191 lll'.
129 4141 207 4206 230:
231 4123 287 4186 ddi
299 4120 479 4205 Ἡράκλειτός
492 4138 582 4204 φησιν,
598 4119 638 4183 ὅτι
653 4119 699 4201 sari
710 4122 742 4185 ri
757 4124 801 4207 ζῇν
816 4122 863 4183 nal
877 4121 911 4182 ri
922 4123 1078 4199 ἀποθανεῖν,

55 4224 100 4305 ssi
114 4229 143 4287 ἓν
156 4228 195 4307 τῷ
208 4226 253 4308 iis
267 4228 337 4303 ἡμᾶς
352 4225 391 4295 ἓν·
405 4221 427 4306 i
441 4225 466 4285 ἓν
480 4227 520 4306 ri
532 4220 668 4302 sonam
693 4219 735 4284 sn
754 4221 805 4302 μὲν
822 4223 880 4306 tle
894 4223 969 4302 istit
982 4222 1080 4304 ζῶνν,

114 4340 200 4387 voa.
214 4342 269 4388 vs.
564 4339 618 4402 31
