2700 4928
156 330 235 386 tosa
345 323 384 383 D.
399 322 451 381 W.
469 321 678 382 ANIMADV.
699 321 747 382 IN
767 322 1004 382 PLUTARCHI
1112 334 1116 340 '
1217 310 1219 343 ³

157 486 315 553 cesarem
330 485 436 549 minus
455 483 553 549 etiam
566 507 752 571 germanam
775 483 945 571 minusque
968 478 1177 548 Plutarehean

156 585 273 651 debere
286 584 420 650 censeri:
444 585 539 672 cujus
553 585 695 670 scriptor,
711 585 851 671 quisquis
866 584 922 649 ille
938 582 1015 664 suit,
1033 580 1178 648 Plutarchi

156 684 286 772 quidem
309 685 402 750 verba
422 697 457 750 et
478 686 593 773 stylum
613 686 685 751 satis
698 688 780 752 bene
794 686 941 752 imitatus
955 687 1012 765 est,
1028 685 1083 751 sed
1100 708 1120 751 a
1136 706 1180 748 ra·

157 787 245 852 tione
266 799 299 850 et
321 786 449 872 ingenio
469 787 606 852 ausloris
627 785 723 873 plane
743 787 920 852 aberravit:
945 809 967 851 a
987 809 1055 873 quo
1075 786 1107 851 in
1127 786 1177 850 hu·

152 886 292 975 jusmodi
309 887 489 974 scriptione,
510 889 614 952 nescio
628 888 706 974 quid
727 888 845 977 majus,
864 887 1019 975 amplius,
1034 887 1180 975 eleganti·

157 988 255 1075 usque
276 989 548 1075 exspeslnbamus.
590 993 637 1053 At
661 1013 720 1054 noa
742 990 784 1055 de
805 989 868 1055 hac
884 990 986 1054 etiam
1009 989 1180 1077 quastione,

159 1092 249 1157 suum
264 1090 380 1177 cuique
390 1090 549 1178 judicium
564 1092 785 1178 relinquimus.

198 1215 233 1279 p.
245 1209 317 1276 172.
328 1193 366 1256 Β.
386 1192 583 1281 ’Λςσοιξίρὲις]
607 1192 698 1257 Idem
713 1192 905 1258 narratoria
919 1193 1000 1258 Vita
1010 1193 1181 1259 Artaxerxis

61 1308 63 1312 ⁴
157 1311 191 1378 p.
210 1312 303 1378 1013.
320 1294 360 1373 B,
374 1293 414 1358 C.
451 1293 597 1357 AElianus
617 1294 693 1358 Var.
711 1294 792 1358 Hist.
808 1294 836 1356 l.
850 1312 907 1378 32.
928 1293 1180 1360 ineodemsaslo

157 1393 285 1480 copiam
309 1407 343 1458 et
367 1394 549 1459 suavitatem
574 1393 761 1458 narrationis
787 1393 1001 1460 conseslatur.
1039 1396 1181 1462 Meminit

158 1509 193 1561 et
206 1494 343 1562 Taetaea
359 1495 497 1562 Chiliad.
514 1499 592 1560 XIl.
607 1517 684 1582 432.

204 1613 277 1682 172.
289 1598 327 1661 B.
345 1599 515 1683 Λυκοῦργος]
542 1599 580 1660 ln
594 1597 662 1683 ejus
676 1595 753 1663 Vita
766 1618 798 1682 p.
807 1615 863 1680 52.
874 1596 919 1660 A.
940 1596 1177 1682 Apophthegm.

157 1699 277 1762 Iaoou.
299 1697 357 1761 κοί.
379 1719 411 1783 p.
434 1698 506 1764 228.
529 1697 569 1761 C.
607 1698 789 1783 Fragment.
814 1696 1039 1761 Commentar.
1061 1693 1178 1761 Hefiod.

153 1796 244 1884 Ἐργ.
265 1818 341 1884 334.
372 1798 535 1864 manifesto
567 1797 806 1877 Plutarcheum,
833 1797 939 1863 nescio
965 1796 1129 1884 quomodo
1151 1796 1177 1860 in

158 1900 261 1963 nostra
282 1898 470 1964 collestione
488 1899 646 1965 omissum.
679 1899 754 1963 Huc
767 1897 906 1984 pertinet
922 1897 1064 1963 Platonis
1077 1897 1176 1963 admo·

158 2000 240 2065 nitio
262 2000 424 2066 Alcibiad.
448 2003 493 2065 ll.
517 2023 550 2087 p.
569 2019 623 2082 42,
638 2019 692 2085 43.
729 2000 893 2064 Ciceronis
914 2003 998 2087 leg.
1023 2003 1068 2066 ΙΙ.
1087 2001 1119 2065 8.
1135 2018 1176 2064 ιο.

158 2115 269 2166 notata
294 2117 327 2168 et
350 2103 468 2189 Cragio
494 2104 545 2167 De
566 2105 645 2187 Rep.
669 2101 796 2166 Laesed.
822 2103 884 2165 lll.
908 2123 941 2187 p.
962 2103 1036 2166 180.
1068 2101 1177 2168 Eodem

156 2203 296 2288 pertinet
323 2203 410 2268 Plato
432 2203 540 2268 Alcib.
567 2205 612 2267 ll.
637 2217 672 2269 et
696 2202 877 2267 Menander
903 2202 982 2267 edit.
1008 2203 1123 2270 Cleric.
1147 2225 1175 2290 p.

158 2305 230 2370 268.

202 2420 274 2488 172.
287 2405 328 2469 C.
349 2409 387 2468 El
402 2403 551 2492 πρόσφορον
566 2403 625 2490 ἔχει
637 2407 679 2490 rr]
706 2403 759 2469 Sic
772 2417 806 2468 et
826 2404 917 2468 Harl.
932 2404 1028 2494 cujus
1040 2420 1176 2491 exoerpu

157 2504 224 2592 post
238 2504 360 2569 editum
376 2507 525 2569 Graecum
541 2519 727 2568 contextum
742 2505 937 2590 accepimus.

201 2623 273 2691 172.
283 2607 328 2671 D.
350 2607 515 2691 Σειράμνης]
543 2606 698 2670 Perficum
713 2629 830 2671 nomen
845 2607 986 2685 alterius,
1000 2620 1039 2672 ut
1051 2605 1173 2680 videtur,

158 2706 297 2772 hominis
318 2709 461 2790 Σισάμνης
480 2707 565 2792 apud
584 2707 788 2771 Herodotum
803 2709 845 2770 V.
862 2726 879 2771 2
880 2727 914 2792 5.
928 2710 1007 2773 Vll.
1023 2712 1077 2792 65.
1099 2704 1172 2771 voss.

157 2809 214 2874 dat
231 2811 403 2893 Σόσοιμνοςτ
428 2810 520 2874 Harl.
542 2823 576 2874 et
594 2811 670 2876 Jun.
693 2809 817 2893 plenius
837 2807 853 2894 ᾖ
871 2808 918 2887 καὶ
935 2809 1091 2892 Σισάμνης
1106 2815 1119 2872 ὁ
1137 2812 1172 2870 ll.

157 2911 352 2997 Responsum
374 2933 393 2976 a
415 2912 620 2976 Pharnabazo
645 2910 797 2995 Iphicrati
820 2924 925 2974 narrat
943 2910 1105 2976 Diodorus
1120 2909 1172 2974 Sic.

156 3011 231 3073 XV.
245 3030 285 3091 41
302 3038 310 3075 ε
334 3014 410 3095 ὁμὲν
423 3012 579 3099 Ἰφικράτης
593 3017 658 3096 ὀρῶν
677 3013 757 3073 oriris
779 3014 805 3072 ir
822 3011 872 3090 μὲν
890 3014 931 3095 τῷ
949 3012 1043 3096 λέγων
1055 3011 1118 3075 ὄντα
1129 3013 1171 3073 la·

156 3113 209 3187 νόν,
232 3115 258 3172 ἐν
277 3114 305 3172 δὲ
322 3117 378 3186 τοῖς
398 3113 590 3196 ωρατῖομένοις
607 3117 729 3195 νωχελῆ,
744 3110 890 3198 ιινοιῤῥηοίᾳ
903 3114 976 3199 πρὸς
997 3116 1079 3176 αὐτὸν
1099 3109 1171 3198 ixei·

155 3232 226 3273 σοιτο
240 3209 328 3290 φήσας
344 3211 507 3292 θαυμάζειν,
522 3217 586 3282 πῶς
602 3212 628 3270 ἓν
645 3211 695 3290 μὲν
712 3214 767 3284 τοῖς
787 3210 881 3294 λόγοις
895 3212 950 3283 ifle
963 3213 1037 3290 ὀξὺς,
1053 3212 1172 3280 issimis

155 3311 244 3397 ἔργοις
262 3309 372 3396 βραδύς·
397 3313 455 3372 tl}
478 3309 658 3396 Φαρνάὸαζος
683 3311 829 3395 ἀπεκρίθη,
853 3312 931 3374 Διότι
952 3321 1008 3376 τῶν
1026 3314 1077 3395 μὶν
1096 3312 1172 3395 λέγω

155 3410 236 3485 αὐτός
250 3415 289 3483 ἒςι
306 3410 404 3496 κύριος,
418 3418 472 3473 τῶν
486 3413 506 3471 δ’
522 3410 609 3496 ἔργων
625 3415 637 3471 ὁ
652 3411 796 3488 βασιλεύς.

201 3529 274 3596 172.
291 3514 329 3576 Ε.
352 3516 498 3575 KTPUP.
521 3511 574 3598 a'.]
603 3511 757 3576 Eamdem
775 3513 962 3599 opinionem
975 3529 1010 3579 et
1024 3516 1081 3581 sua
1093 3526 1174 3582 aute

156 3615 189 3680 in
212 3614 308 3678 Persia
329 3613 430 3677 valere
449 3612 546 3677 tradit
567 3614 753 3678 Plutarchus
776 3615 866 3700 Reip.
885 3615 1042 3704 Praecept.
1064 3640 1098 3704 p.
1112 3619 1176 3683 821.

155 3719 194 3781 Ε.
218 3713 303 3780 unde
320 3714 391 3777 haec
409 3712 553 3777 desumto
568 3714 658 3777 sunt:
682 3737 721 3777 eo
736 3713 842 3779 minus
856 3715 957 3781 valere
973 3716 1071 3784 debet
1091 3717 1178 3784 lefflo

154 3820 286 3883 Jannot.
304 3816 421 3880 Venet.
441 3813 527 3879 Vosl'.
549 3815 605 3900 qui
626 3816 718 3879 verba
742 3813 788 3894 sol
810 3817 950 3892 salsis-m
974 3819 1181 3904 ὑπολαμὸάνοσι

154 3931 322 4100 ouilitamli.
341 4015 395 4103 A]
422 4014 616 4113 Socraticum
634 4015 756 4080 sontem
770 4017 901 4082 redolet.
940 4020 1145 4109 Cyropaediae
1158 4023 1183 4086 l.

154 4120 235 4181 6.8.
254 4139 304 4183 10.
325 4139 376 4182 11.
399 4115 607 4202 conjunsium
625 4118 669 4179 est
688 4133 915 4203 argumentum
944 4121 1089 4191 Platonis
1110 4129 1185 4211 leg.

154 4221 181 4283 l.
204 4240 236 4304 p.
250 4235 328 4304 572.
343 4221 386 4286 G.
413 4220 475 4284 111.
496 4238 529 4302 p.
544 4233 620 4303 590.
636 4219 674 4280 E.
698 4219 776 4284 Xll.
792 4242 827 4307 p.
841 4221 915 4285 686.
930 4224 976 4288 D.

453 4542 587 4592 A.
