2700 4928
247 285 326 359 1196
438 285 477 346 D.
489 287 540 348 W.
560 286 768 348 ANIMADV.
789 286 836 346 IN
857 286 1092 346 PLUTARCHI

246 444 367 512 fabium
381 447 547 536 Epidletus
561 448 689 516 Differt.
704 450 731 514 Ι.
746 468 783 516 2:
798 448 880 538 ‘Ops
891 457 948 524 πῶς
961 447 1177 532 Λακεδαιμόνιοι
1190 475 1275 532 parr-

247 555 371 632 yotiwor,
388 551 523 632 μαθόντες
542 550 582 615 ὅτι
601 549 715 636 εὔλογόν
736 557 788 626 irs·
810 553 842 616 ri
861 551 1040 636 ἄπᾶγξαθω
1062 555 1112 614 oris
1135 550 1191 623 ἴςιν
1210 551 1264 630 ἄρα’

246 656 336 735 pirron·
358 649 425 715 ὅταν
440 659 505 737 γοῦν
523 652 600 741 πάθῃ
616 679 658 728 τις
677 652 717 718 ὅτι
739 652 864 739 εὔλογον,
883 644 1013 717 &araboli
1026 653 1190 739 ἀπήγξατο.
1226 651 1277 717 Sic

246 769 307 835 pro
326 753 405 839 μάθῃ
423 752 525 818 edidit
544 756 621 841 πάθῃ
644 757 808 841 Uptonus‚
829 776 889 820 nec
903 769 1035 834 temere,
1047 756 1085 840 fi
1096 757 1142 818 ita
1157 755 1278 841 effetus

233 851 282 939 fit
302 855 398 918 anim
417 855 504 943 quast
519 857 630 922 rationi
648 857 865 944 consentaneum
877 856 933 940 fit,
947 856 1107 945 firspendio
1120 858 1221 920 vitam
1230 855 1277 942 fi·

244 952 320 1033 nire,
335 955 467 1019 continuo
480 957 583 1021 abiem
593 960 630 1044 se
638 957 806 1046 suspendit.
843 955 955 1021 Simile
968 955 1056 1021 aliud
1072 957 1117 1021 est
1134 958 1276 1022 Iacaenae

244 1053 301 1119 ar.
317 1074 350 1143 p.
367 1074 440 1139 242.
455 1059 500 1124 D.

286 1175 361 1243 234.
377 1158 418 1223 C.
441 1159 517 1246 λζ’.]
543 1160 675 1226 Omittit
688 1159 780 1223 Harl.
797 1172 834 1222 ut
848 1158 1021 1244 repetitum
1037 1181 1078 1224 ex
1094 1157 1145 1225 ιδ’.

285 1275 360 1344 234.
374 1261 419 1326 D.
443 1259 517 1346 λθ]
542 1260 791 1326 conformatum
816 1258 942 1325 videtur
960 1259 1001 1327 sd
1019 1261 1211 1348 exemplum
1229 1261 1275 1325 di·

240 1356 286 1425 &i
299 1360 531 1442 Themistoclis,
547 1361 635 1448 quod
655 1362 689 1427 in
711 1361 806 1448 hujus
819 1361 898 1427 Vna
916 1363 1014 1426 refert
1034 1362 1229 1429 Plutarchus
1243 1385 1274 1450 p.

242 1478 316 1529 112.
334 1461 374 1529 C.
392 1476 427 1529 et
446 1463 562 1530 Cicero
574 1464 667 1529 Tusc.
685 1465 712 1529 l.
730 1484 760 1530 2.
784 1476 818 1528 et
839 1463 1005 1530 Demarati
1018 1463 1061 1550 pl.
1077 1465 1173 1552 supra
1188 1466 1274 1531 exbi-

241 1562 302 1629 biti
316 1586 349 1651 p.
365 1585 438 1634 220.
454 1567 498 1632 A.

283 1684 358 1753 234.
373 1669 418 1733 D.
439 1666 498 1753 μ’.]
530 1667 589 1732 Nil
612 1667 684 1732 novi
710 1667 860 1732 addimus
881 1666 921 1733 ad
945 1667 1083 1732 nostram
1106 1668 1273 1758 conjedlu·

239 1788 319 1833 rsm.
357 1769 448 1833 Harl.
464 1791 593 1856 quoquc
608 1768 663 1833 dat
677 1767 870 1833 ἂποκαλίοντι.

282 1888 356 1956 234.
373 1871 417 1936 Ι).
439 1870 518 1958 pass]
546 1870 720 1936 Geminum
737 1870 812 1935 huic
832 1871 875 1936 est
897 1869 1076 1935 Alcibiadis
1094 1869 1220 1938 dictum
1235 1871 1271 1937 α’.

237 1990 272 2060 p.
287 1972 360 2036 186.
376 1972 420 2038 D.
437 1985 470 2036 et
485 1971 518 2036 in
532 1971 601 2059 ejus
615 1972 691 2038 Vita
710 1993 743 2058 p.
763 1991 832 2057 192.
850 1972 890 2036 C.
927 1972 1034 2037 Semel
1049 1971 1083 2036 in
1102 1971 1272 2038 Plutarcho

235 2071 389 2159 χιραψῐαν
405 2073 467 2137 hoc
482 2071 555 2137 loco
569 2071 728 2159 legimus:
753 2071 830 2137 licet
847 2074 952 2138 Vetus
973 2073 1118 2139 lexicon
1139 2073 1271 2139 citatum

237 2166 403 2260 Stephano
428 2174 522 2239 Thes.
545 2176 584 2239 L.
607 2175 666 2238 Gr.
686 2176 724 2239 T.
740 2176 801 2242 IV.
822 2166 855 2263 p.
870 2194 946 2262 43¹·
973 2175 1044 2241 aliis
1068 2177 1171 2244 etiam
1195 2178 1271 2244 locis

234 2271 302 2361 legi
323 2275 468 2339 affirmet.
511 2276 616 2339 Locus
644 2274 763 2362 Polybii
789 2275 919 2342 nomine
943 2276 1064 2343 ibidem
1089 2279 1210 2345 citatus
1228 2281 1269 2345 est

234 2376 321 2462 apud
346 2376 478 2440 Suidam
501 2375 534 2440 in
563 2398 651 2441 voce.
694 2377 898 2443 Medicorum
922 2379 1080 2468 χαςαψίαν
1104 2381 1268 2449 annotarit

234 2475 351 2544 'Foefius
366 2477 398 2542 in
415 2478 594 2543 OEconom.
610 2477 770 2565 Hippocr.

240 2600 244 2607 ·
277 2598 353 2666 234.
368 2583 407 2646 E.
429 2579 480 2663 μβ
484 2583 507 2666 .]
539 2581 576 2644 ln
600 2580 663 2644 hoc
685 2595 877 2667 argumento
902 2581 976 2646 sunt
1000 2584 1165 2650 laconica
1187 2586 1267 2652 diua

232 2702 267 2769 p.
284 2701 358 2749 210.
375 2687 410 2749 F.
434 2702 508 2767 217.
525 2681 566 2747 C.
592 2682 632 2746 ad
655 2681 793 2768 priorem
815 2683 923 2747 locum
946 2684 1085 2771 Agcfilai
1100 2685 1157 2751 ai'.
1176 2687 1267 2774 plura

232 2783 466 2851 annotavimus.
506 2784 617 2849 Codex
630 2786 660 2850 J.
677 2782 852 2871 pleniorem
868 2784 925 2849 dat
939 2786 1177 2854 narrationem:
1200 2795 1264 2852 Xe-

231 2884 279 2961 λὸς
297 2887 338 2949 bri
357 2888 485 2968 πόλεμον
505 2885 592 2964 ἐξιὼν,
615 2886 859 2949 &narone-Sotium
878 2889 954 2970 αὐτῷ
972 2895 1052 2951 τινῶν
1072 2889 1095 2975 ᾖ
1114 2892 1263 2977 iacrymis-

230 3011 296 3066 των,
310 2989 464 3074 ὖπιςραφεὶς
487 2986 555 3066 einr,
577 2987 674 3063 Kanai
691 2985 821 3069 κεφαλα),
844 2991 873 3050 οὗ
894 2987 1032 3073 φεύγοντα
1050 2992 1092 3053 δεῖ
1103 2995 1161 3067 τοῖς
1173 3008 1263 3056 πολι·

114 3094 117 3100 ’
229 3085 301 3170 pion
313 3089 463 3172 μάχεθοᾳ,
479 3091 559 3151 ἀλλὰ
572 3087 687 3169 μένοντα
703 3089 724 3175 a]
739 3093 787 3166 sir
800 3089 879 3166 τάξιν
894 3090 1073 3169 politiora.

83 4390 192 4531 N

273 3206 348 3274 234.
364 3190 400 3252 E.
422 3188 502 3275 7274]
529 3190 726 3276 Hujusmodi
746 3190 808 3254 fuit
824 3189 946 3256 dicium
964 3191 1149 3260 Callicratis
1171 3196 1262 3282 Spar·

228 3291 310 3371 tani,
330 3289 364 3355 in
387 3312 497 3378 pugna
518 3290 559 3355 ad
583 3291 716 3356 Plataeas
736 3290 860 3380 sagittae
874 3292 1004 3358 vulnere
1019 3295 1207 3361 morientis:
1229 3310 1263 3362 ut

229 3404 336 3461 narrat
350 3392 536 3459 Herodotus
559 3392 619 3456 lX.
636 3410 688 3476 72.
704 3392 842 3480 indeque
859 3393 1050 3460 Plutarchus
1072 3397 1106 3462 in
1130 3397 1262 3464 Aristide

228 3516 263 3583 p.
280 3513 355 3581 234.
370 3497 409 3560 E.
427 3493 640 3583 Effoeninatus
654 3493 744 3578 γύννις
762 3494 794 3560 in
810 3494 872 3560 bac
886 3517 920 3560 re
934 3496 1139 3583 fignificanda
1151 3499 1260 3588 exqui-

228 3598 322 3663 fitum
350 3596 540 3662 vocabulum
569 3608 701 3661 notatur
726 3619 745 3660 a
771 3596 936 3663 Perizonio
966 3597 1008 3662 ad
1035 3599 1159 3667 AEliani
1185 3604 1260 3668 Var.

228 3698 310 3765 Hist.
326 3695 404 3764 XII.
423 3716 474 3764 12.
499 3696 670 3762 adhibetur
689 3712 723 3763 et
746 3697 890 3764 Hierocli
912 3698 999 3786 apud
1019 3702 1114 3768 Stob.
1137 3724 1171 3791 p.
1186 3722 1259 3792 491.

227 3800 281 3868 cui
295 3799 433 3865 addatur
447 3797 561 3864 Suidas
578 3798 609 3861 in
624 3819 714 3862 voce.

271 3921 346 3986 234.
360 3902 398 3964 E.
420 3898 491 3985 pist]
518 3899 710 3964 Notavimus
725 3920 759 3986 p.
776 3900 849 3967 128.
865 3899 906 3965 C.

269 4021 344 4088 234.
360 4005 396 4068 F.
418 4000 490 4089 με’.]
521 4000 651 4087 Lampia
673 4000 828 4089 AEgineta
849 3999 981 4068 subinde
1002 4017 1203 4069 memoratur
1223 4016 1260 4068 ut

226 4103 393 4170 ditiffimus
413 4107 476 4171 suae
496 4105 600 4169 aetatis
620 4102 786 4168 nauclerus
800 4113 835 4167 et
847 4112 1030 4169 mercator:
1054 4104 1155 4171 veluti
1170 4104 1256 4170 Plut-

225 4207 324 4273 archo
343 4208 397 4273 De
421 4208 502 4294 Rep.
527 4204 603 4273 Seni
622 4205 700 4272 Ger.
725 4227 758 4293 p.
776 4205 852 4291 787.
867 4205 900 4271 A
913 4229 923 4271 r
946 4205 1003 4272 ubi
1022 4205 1086 4273 alia
1099 4206 1253 4275 dabimus.
