2700 4928
155 312 217 388 964
353 312 449 374 D.W.
469 311 677 374 ANIMADV.
697 310 746 370 IN
767 310 997 375 ruuunueut

154 534 155 538 ,
206 475 278 558 156.
292 474 337 538 D.
368 480 492 562 κρατῆρα
518 476 646 555 νηφάλιον
671 477 698 540 le
722 474 807 561 μέσῳ·
825 472 998 559 epolono
1023 471 1069 536 rin
1088 466 1171 554 ebro]

158 573 213 642 Est
237 575 307 638 inec
331 575 525 641 Plutarcheae
548 575 787 642 consuetudinis
809 574 929 640 didio:
953 597 984 638 v.
998 594 1030 638 c.
1065 569 1175 637 oeteo.

161 676 257 741 Orac.
280 698 314 763 p.
328 696 404 757 421.
427 677 477 743 A:
500 680 595 760 ptem
617 676 663 758 nai
683 676 775 761 λόγοιν
795 674 1027 760 ἅναμεμιγμάνιον
1049 672 1177 760 :resipit

159 774 240 861 μέσῳ
253 775 402 862 πρόκειται.
441 777 643 844 Philostratus
660 777 729 842 Vit.
745 776 900 863 Apollon.
916 777 977 840 lV.
994 795 1048 856 24.
1063 795 1095 861 p.
1110 773 1176 838 162:

161 875 254 960 λόγοιν
266 903 298 939 rs
312 884 442 964 κρατῆρες
455 879 549 952 ῗςαντο
568 880 589 966 'i
608 879 714 964 ἠρῦοντο
730 882 819 941 αὐτῶν
834 884 858 940 οἶ
872 879 1014 952 διψῶντες.
1050 874 1178 942 Julianus

159 976 261 1062 Epist.
284 979 404 1042 XLVI.
425 999 459 1064 p.
474 981 619 1061 428.A:
642 979 744 1062 -lpoi
766 978 892 1058 νηφάλιος
908 982 972 1040 orei
987 976 1178 1060 Asorrioenpe·

159 1083 223 1166 οὴς,
238 1078 285 1154 nol
298 1081 340 1142 tet
359 1082 430 1143 πολὺ
444 1083 476 1146 ri
489 1089 543 1145 τῶν
556 1086 680 1164 Νυμφῶν
695 1080 846 1154 δέὲςιμ.
876 1079 980 1145 Simili
995 1077 1180 1144 transsatione

158 1177 202 1243 de
217 1179 353 1244 bellariis
367 1181 400 1245 in
415 1181 603 1247 Menedemi
617 1182 760 1247 convivio
774 1179 853 1245 dixit
868 1180 1067 1268 Lycophron
1080 1200 1129 1265 op.
1140 1178 1181 1248 A·

156 1278 252 1345 then.
269 1281 312 1344 X.
327 1302 360 1368 p.
371 1301 448 1364 420.
466 1283 506 1347 C.
525 1283 662 1369 τράγημα
678 1284 816 1370 γάρ-Ὁ
830 1286 994 1367 ruoperto-325
1006 1277 1180 1361 πᾶσινὲιμέ·

159 1404 203 1466 σῳ
217 1379 313 1466 λόγος,
328 1381 416 1469 quod
437 1382 606 1470 attigimus
619 1383 711 1468 supra
730 1404 763 1469 p.
777 1401 849 1468 133.
866 1384 903 1446 Ε.
941 1382 1123 1459 Anacreon,
1135 1375 1180 1464 qui

159 1479 272 1559 fertur,
293 1481 357 1546 od.
380 1482 413 1545 in
432 1483 574 1569 Apollin.
589 1483 641 1548 ed.
657 1484 703 1547 H.
718 1483 833 1568 Steph.
848 1502 882 1567 p.
898 1483 972 1547 206.
994 1481 1106 1559 Φιάλην
1116 1477 1178 1567 opi·

159 1611 217 1648 πινι
235 1587 342 1666 rasolo,
356 1588 468 1666 Φιάλην
480 1588 573 1673 λόγοιν
587 1588 704 1676 iprensis.
739 1587 949 1674 Frequentius
964 1587 1009 1651 est
1023 1587 1126 1662 ἑςίοισις
1137 1584 1178 1650 λά·

159 1713 230 1772 γον,
241 1691 409 1772 sermonum
422 1690 529 1777 epula,
545 1689 632 1777 quod
652 1689 854 1776 exposuimus
877 1708 975 1776 p.40.
986 1691 1028 1754 B.
1052 1689 1179 1775 Νηφάλιοι

161 1789 366 1854 tmoavimus
379 1811 412 1877 p.
431 1810 502 1876 132.
518 1793 556 1856 E.

158 1942 161 1949 .
207 1892 279 1974 156.
293 1893 332 1955 E.
367 1892 535 1977 κατάρδισι]
570 1892 713 1978 irrigant.
757 1891 811 1956 Sic
839 1891 880 1956 de
907 1891 981 1957 vino
1009 1891 1178 1978 Xenophon

158 1993 308 2079 Sympos.
327 1994 371 2058 II.
388 2013 449 2074 24:
480 1992 670 2080 ὄοῐνοςοῖρδων
688 1998 739 2068 τὰς
760 1993 871 2080 ψυχάς.
907 1992 1179 2080 Aristophanes&

161 2092 243 2178 quit.
258 2094 318 2180 96:
338 2093 506 2179 -ἔξέννγκὸ
519 2120 566 2176 μοι
582 2094 694 2179 ταχέως
711 2092 767 2157 oiss
785 2098 859 2179 χοᾶ,
873 2095 928 2157 Τὸν
942 2101 1001 2158 νοῦν
1020 2095 1052 2158 ἵν’
1067 2094 1146 2180 ἄρδω,
1162 2092 1179 2177 ᾖ

159 2192 238 2276 λέγω
250 2220 278 2257 τι
293 2194 387 2272 ὃὲξιον.
424 2196 462 2258 ln
483 2194 546 2260 alio
565 2209 758 2281 argumento
772 2194 919 2279 exemplo
931 2195 1027 2259 bonae
1040 2209 1081 2260 et
1101 2187 1179 2259 male

160 2293 396 2380 fignificutionis
407 2293 555 2359 dedimus
569 2294 609 2359 ad
624 2297 692 2358 Ser.
706 2297 809 2360 Num.
820 2295 920 2359 Vind.
932 2316 966 2380 p.
982 2314 1059 2381 117:
1083 2297 1179 2362 nostre

159 2415 193 2478 p.
209 2394 284 2476 566.
302 2395 345 2458 A.
384 2394 515 2459 Plautus
539 2395 634 2458 Most.
662 2397 688 2458 Ι.
710 2415 741 2461 2.
762 2398 824 2481 63:
857 2397 1001 2461 Continuo
1029 2413 1082 2485 pro
1103 2397 1180 2461 inbre

158 2518 242 2559 antor
260 2495 385 2560 advenit
404 2496 436 2560 in
455 2520 502 2560 cor
524 2520 634 2560 meunt:
660 2496 691 2560 Is
710 2498 798 2584 nsque
817 2498 850 2560 in
868 2505 970 2584 petius
988 2499 1180 2587 permanavit,

158 2596 366 2685 permodcsecit
388 2600 446 2663 Cor
463 2622 612 2662 meunt-.
657 2599 744 2664 Poen.
768 2599 831 2662 III.
846 2617 879 2684 3.
895 2601 958 2663 86:
986 2601 1180 2671 —Leucadin

160 2697 276 2785 Lesbio,
294 2699 409 2786 Tbafh,
430 2700 499 2778 Coo,
526 2697 669 2786 Vetustate
686 2700 757 2763 virro
777 2698 911 2763 edentulo
933 2713 1053 2765 atatem
1075 2702 1180 2789 irriges.

163 2803 324 2888 Frequens
338 2802 381 2866 est
396 2801 513 2865 madere
526 2802 610 2879 vino,
627 2800 714 2887 quod
728 2802 771 2865 est
784 2824 804 2864 a
818 2803 933 2866 Graeco
947 2805 1058 2887 μαδᾴνε
1082 2817 1116 2867 at
1128 2802 1181 2866 mi·

163 2924 223 2967 nus
243 2905 392 2990 frequens
415 2904 502 2968 bono
524 2903 612 2968 sensu
636 2917 673 2967 ut
695 2904 753 2968 Gr.
775 2902 906 2988 enon,
929 2905 1061 2969 Horatii
1083 2907 1182 2970 Carm.

162 3003 225 3066 ill.
242 3023 294 3067 21.
309 3024 342 3089 9.
365 3003 523 3068 Socraticis
537 3005 635 3066 madet
646 3004 842 3089 sermonibus.
875 3004 1034 3068 Martialis
1048 3009 1126 3072 Vll.
1138 3007 1185 3070 68.

162 3122 197 3167 2:
224 3105 315 3190 Cujus
340 3105 478 3192 Cecropia
499 3113 615 3192 petiero
634 3127 703 3167 voce
722 3106 853 3168 madent.
890 3104 1087 3172 Conferatut
1100 3108 1186 3174 Mus·

161 3205 286 3291 gravius
301 3204 342 3269 nd
358 3205 516 3290 Euripidis
530 3204 673 3290 Supplic.
688 3225 761 3290 209.

206 3310 276 3390 156.
299 3309 333 3369 E.
355 3306 538 3392 Ἡσίοδος-]
559 3305 650 3394 Ἔςγ.
667 3325 749 3390 744:
775 3307 953 3372 notavimus
968 3331 1002 3395 p.
1015 3311 1069 3376 28.
1084 3313 1124 3376 B.

206 3409 277 3492 156.
295 3409 332 3470 E.
356 3406 443 3494 Εἴπερ
464 3408 522 3494 γάρ
542 3410 567 3470 τ’
588 3406 753 3494 ἄλλοι-«ᾤ
774 3409 919 3494 πλησίον]
949 3409 1041 3476 lliad.
1059 3419 1100 3476 Δ.
1120 3413 1189 3479 261.

162 3510 204 3574 Et
226 3507 318 3573 Harl.
340 3529 369 3572 1.
391 3528 420 3575 2.
445 3509 505 3573 hos
532 3510 636 3574 versus
659 3512 827 3577 omittunt.
867 3513 1096 3600 Conjeduram
1118 3515 1189 3581 nos·

161 3624 242 3673 nuni
264 3608 322 3674 sub
344 3623 497 3674 contextu
519 3624 663 3675 notatam
685 3612 802 3690 adhuc,
827 3628 865 3677 ut
885 3616 1098 3700 probabilem,
1120 3630 1191 3685 tue-

160 3734 244 3776 mur.
280 3712 332 3776 De
346 3709 445 3796 Ajace
462 3710 518 3788 nil,
533 3712 620 3796 quod
636 3712 700 3778 hue
715 3713 886 3800 pertineat,
900 3716 932 3779 in
950 3718 1110 3784 Homero.
1142 3721 1193 3785 De

161 3813 338 3879 Homerico
356 3811 523 3898 epularum
545 3835 646 3892 more,
672 3818 746 3903 exple
770 3816 1020 3903 pretiosisimo,
1044 3819 1100 3887 sua
1123 3819 1193 3885 eui.

160 3935 224 3999 que
238 3912 377 3978 convivae
391 3910 553 3978 distributa
566 3913 724 3996 portione,
748 3915 935 3979 Plutarchus
954 3915 1074 3984 differit
1094 3919 1192 4008 Sym·

160 4016 228 4099 pos.
251 4015 294 4079 11.
319 4033 369 4078 10.
402 4013 580 4077 Athenaeus
603 4014 630 4075 1.
653 4033 703 4078 11.
744 4015 894 4082 Addatur
918 4016 1010 4082 iliad.
1033 4025 1073 4082 Δ.
1096 4041 1131 4101 4.
1162 4022 1192 4089 Ι.

205 4218 332 4300 156.‘E.
347 4215 477 4304 ’Χερσίας
494 4219 508 4281 ὁ
525 4215 658 4301 ποιητής]
683 4218 783 4282 Hunc
798 4239 837 4282 ex
852 4217 993 4307 Callippi
1007 4219 1049 4286 de
1065 4223 1196 4290 Orcho·

562 4552 703 4608 A
