2700 4928
280 351 347 431 ⁴716
376 410 381 420 ,
477 350 515 409 D.
530 351 580 409 W.
601 349 808 408 ANmthuv.
828 346 875 405 IN
896 341 1122 405 PLUTARCHI

274 522 393 595 „narrat
415 509 602 575 Plutarchus
624 511 657 574 in
678 510 756 574 vita
777 507 949 574 Alexandri
977 528 1010 593 p.
1035 503 1109 567 666.
1134 500 1188 564 A:
1218 497 1305 584 Apo·

285 610 457 697 phthegm.
481 633 514 696 p.
532 627 603 695 177.
621 612 660 676 C.
683 610 798 696 exigua
819 610 979 673 varietate.
1025 602 1136 668 Simile
1152 599 1307 665 nan-atde

285 711 356 798 ejus
385 712 602 778 moderatione
630 714 662 777 in
688 712 818 777 vicloria
840 710 1039 777 Chaeronensr
1062 705 1209 772 AElianus
1233 704 1307 766 Var.

285 811 367 878 Hist.
387 815 482 878 VIII.
503 832 552 899 15.
579 837 675 900 quem
697 813 854 901 descripsit
880 813 1025 876 Stobaeus
1049 805 1157 873 Floril.
1181 826 1216 891 p.
1237 804 1307 887 176.

283 911 370 979 idem
385 914 455 979 aliis
467 915 608 1001 ejusdem
625 915 763 981 reserens
776 915 840 979 Tit.
857 913 976 978 XLIV.
998 932 1032 996 p.
1041 912 1121 994 326:
1143 905 1309 979 Φίλνποςὸ

281 1016 415 1098 βασιληὺς
441 1017 531 1100 ἔλεγε·
564 1021 629 1079 Δεῖν
645 1018 691 1079 τὸν
712 1013 838 1095 fluctuso
859 1013 1026 1097 μνημονεύων
1049 1008 1089 1074 ὅτι
1114 1007 1255 1094 ἄνθρωπος
1273 1003 1309 1068 ὢν

283 1116 396 1192 lisoius
417 1115 521 1196 εἴληφεν
543 1117 655 1181 ἰσόθεον·
678 1116 723 1181 ἵνα
737 1122 903 1203 προανςῆτρη
921 1118 999 1177 καλὰ
1019 1114 1069 1193 μὲν
1087 1109 1132 1188 ml
1148 1113 1225 1187 5³3²,
1240 1113 1310 1192 Μ

280 1216 309 1278 n
323 1217 473 1304 ἀνθρωπίνη
484 1223 609 1303 χρῆτρηι
632 1217 718 1281 bona
736 1217 797 1281 fide
814 1214 951 1280 reddidit
971 1213 1132 1278 Gesnerus'
1143 1209 1308 1289 ultimum,

270 1314 403 1401 sermone
424 1318 550 1381 humano
563 1330 688 1382 utatur.-
711 1317 800 1404 atqui
813 1316 908 1401 γνώμη
922 1312 1094 1401 legendum
1108 1323 1187 1374 erat.

326 1435 397 1505 105.
413 1421 451 1487 Β.
478 1421 695 1508 &ppassim-J
730 1422 781 1485 De
802 1418 898 1503 hujus
919 1417 1007 1480 exitu
1031 1411 1240 1479 nobinffimus
1265 1411 1311 1475 est

278 1517 371 1584 locus
392 1522 616 1607 Xenophontis
627 1521 798 1586 Hellenic.
816 1521 858 1583 II.
882 1540 914 1604 p.
929 1532 1006 1598 470.
1024 1511 1309 1600 011511111οἃ0ῄο-

279 1635 346 1685 tem
360 1644 486 1709 quoque
501 1623 627 1687 secutus
645 1623 688 1686 est
704 1622 818 1686 Cicero
831 1620 923 1685 Tusc.
941 1620 967 1682 1.
980 1636 1044 1698 40:
1068 1613 1119 1679 sed
1135 1627 1250 1680 neuter
1267 1613 1309 1679 il-

279 1721 337 1785 lud
357 1724 545 1792 miraculum
568 1723 758 1788 conservate
779 1743 819 1786 ex
840 1719 956 1784 aedium
980 1717 1071 1783 ruina
1085 1715 1159 1779 vitae
1180 1738 1308 1780 memo·

277 1837 349 1887 rut:
372 1825 460 1909 quod
481 1824 532 1888 nis
556 1825 596 1888 ab
618 1824 759 1909 Ephoro,
774 1823 996 1907 Theopompo,
1017 1830 1074 1882 aut
1093 1817 1157 1880 alio
1178 1817 1309 1903 perdito

276 1923 424 1992 historico
447 1925 608 2014 proditum
629 1927 702 2002 suit,
725 1924 832 2012 potuit
852 1922 930 2010 fingi
950 1943 969 1984 a
992 1917 1228 2006 posterioribus,
1250 1919 1318 2013 qui,

278 2026 410 2092 subinde
428 2050 535 2094 rerum
556 2029 713 2116 gestarum
735 2026 942 2092 finceritatem
957 2019 1122 2086 rhetoricis
1136 2041 1308 2087 commen·

274 2126 319 2200 ¹tis
334 2129 520 2194 obruerunt.
556 2128 722 2215 Quidquid
736 2129 790 2192 srt:
815 2127 920 2192 denuo
942 2123 1033 2189 noble
1053 2123 1185 2188 offertur
1197 2125 1308 2188 AElia-

276 2249 337 2291 nus
363 2227 448 2292 idem
472 2229 593 2294 sadum
615 2251 742 2293 narrans
763 2231 839 2294 Var.
859 2228 941 2292 Hist.
963 2229 1023 2292 IX.
1047 2245 1108 2293 21:
1139 2225 1307 2313 Θηραμένης

272 2325 374 2411 ,ἔτυχεν
391 2333 417 2390 ἓν
436 2330 509 2413 οἰκίᾳ
531 2331 581 2392 τινὶ
603 2327 757 2416 demessus,
775 2329 835 2391 elea
852 2331 906 2392 lael
926 2333 1068 2415 προῆλθεν
1086 2331 1181 2405 αὐτῆς,
1196 2353 1305 2417 σαρα-

272 2436 374 2517 mill-²
394 2431 476 2508 iusim
495 2432 666 2519 κατηνέχθη.
704 2438 743 2496 Ol
756 2435 806 2515 μὲν
820 2433 863 2498 οὖν
876 2437 1015 2512 Ἀθηναῖοι
1035 2431 1117 2496 ἄλλον
1137 2433 1306 2518 ἀλλαχόθεν

273 2533 348 2615 αὐτῷ
370 2533 531 2619 ωερνφόνννς
553 2533 691 2609 coelom
718 2536 759 2597 ixl
780 2542 813 2620 τῇ
832 2535 953 2620 σωτηρίᾳ
976 2541 1009 2619 τῇ
1031 2532 1186 2620 παραδόξῳ.
1222 2535 1304 2599 'Oli

272 2637 357 2717 παρὰ
378 2637 425 2712 τὴν
446 2632 553 2697 ,πάντων
572 2633 671 2697 ἐλπίδα
689 2636 864 2722 ἀπεκρίνατο,
879 2633 922 2699 Ὦ
936 2641 1004 2714 Ζεῦ,
1027 2641 1052 2709 ἐς
1070 2634 1133 2701 τίνα
1151 2661 1188 2716 με
1207 2639 1305 2724 sarpis

271 2735 427 2819 puhoirlu55
450 2735 508 2812 Kal
527 2737 588 2817 μετ’
604 2739 633 2798 οὗ
649 2739 734 2802 πολὺν
747 2738 846 2825 χρόνον
862 2741 911 2801 ὑπὸ
932 2747 986 2801 τῶν
1006 2739 1157 2824 τριάκοντα
1171 2738 1301 2824 ἄνηρέθη,

270 2841 339 2907 πνεῖν
360 2836 463 2900 κῶνεννν
485 2839 731 2921 καταναγναθεΐς.
767 2837 864 2925 Quod
886 2853 994 2905 autem
1017 2837 1206 2903 Plutarchus
1220 2839 1302 2906 dicit

270 2936 521 3024 καταςρεὸλωθεὶς,
546 2961 621 3002 eum
647 2939 902 3004 excarnificatum
927 2963 964 3005 ae
990 2940 1154 3004 distortum
1178 2940 1299 3020 obiiffe,

268 3039 469 3126 agnoscimus
485 3041 637 3126 puerilem
653 3041 868 3126 compilatoris
884 3040 1107 3106 temeritatem.
1142 3043 1195 3106 De
1209 3042 1298 3108 Tbe-

266 3161 395 3204 ramene
424 3163 482 3204 nos
504 3141 651 3227 quaedam
678 3141 862 3206 monuimus
889 3143 921 3206 in
950 3146 1075 3207 Annot.
1102 3141 1144 3206 ud
1170 3143 1299 3211 seleuse

269 3237 417 3304 Historic.
430 3242 492 3304 Gr.
509 3262 542 3325 p.
556 3243 632 3322 406.

312 3354 383 3423 105.
401 3341 441 3412 C.
464 3343 546 3404 Ἀλλ’
560 3340 613 3424 ἄγε
628 3341 712 3425 δὴ-]
742 3341 831 3406 Iliad.
848 3347 889 3406 Ω.
905 3362 980 3425 522.
1016 3343 1068 3410 De
1088 3342 1215 3408 duobus
1235 3345 1296 3410 do·

266 3440 317 3506 liis
336 3439 368 3504 in
390 3441 477 3506 Jovis
490 3441 602 3513 limine
615 3443 710 3505 verbo
725 3443 908 3509 monuimus
925 3445 968 3508 ad
992 3444 1061 3508 Ser.
1075 3444 1179 3508 Num.
1198 3447 1296 3513 de.

289 3590 297 3606 .
308 3561 384 3628 551.
399 3542 444 3606 D.

265 3564 287 3631 p
311 3660 381 3727 105.
397 3644 441 3707 D.
462 3644 646 3727 Ἡσίοδος-]
673 3645 769 3710 Recte
790 3645 876 3710 hunc
890 3659 924 3710 et
937 3657 1030 3710 aetate
1044 3658 1077 3710 et
1090 3646 1194 3733 gloria
1208 3651 1294 3735 post·

263 3743 356 3831 ponit
385 3744 547 3806 Homero:
586 3742 673 3828 quod
702 3767 787 3810 nuuc
816 3745 943 3809 uberius
970 3745 1131 3810 ostendere
1159 3770 1225 3813 nou
1252 3752 1299 3816 est

263 3867 356 3931 opus.
386 3842 774 3930 Ιο011101111111Ἔργ.94;
796 3846 854 3909 ubi
869 3846 998 3914 Proclus
1011 3867 1137 3932 quoque
1153 3847 1218 3913 hoc
1233 3850 1295 3916 do-

262 3960 426 4024 cumento,
440 3942 527 4031 quod
542 3943 698 4007 Hesiodus
714 3945 862 4009 Pandorae
877 3947 987 4010 dolium
1001 3947 1042 4010 ab
1055 3947 1203 4033 exemplo
1219 3952 1294 4017 Ho-

261 4047 381 4121 merico
404 4047 526 4109 duorum
550 4045 582 4107 in
605 4044 691 4107 Jovis
719 4044 818 4109 limine
838 4045 982 4113 doliorum
1005 4048 1140 4129 duxerit,
1167 4052 1297 4142 colligit

260 4148 437 4211 Hesiodum
452 4147 519 4233 post
533 4148 713 4210 Homerum
729 4146 829 4211 fuisse.

270 4325 275 4333 ι
304 4263 376 4331 105.
391 4250 430 4314 E.
452 4246 672 4335 Ἀπηρτημένως]
698 4248 922 4335 Βονψρανηνιν,
938 4264 1134 4337 congruerem
1152 4276 1217 4319 cunr
1231 4255 1291 4338 his,
