2700 4928
275 393 336 456 700
465 383 504 443 D.
515 384 567 443 W.
587 383 861 445 Amiternum
881 380 1113 445 eumenem

276 560 343 613 tom
364 557 508 631 vagatur.
543 545 649 632 Igitur
669 545 710 611 de
732 545 813 625 aliie,
836 546 890 632 qui
910 549 977 633 post
997 542 1207 611 Plutarchum
1224 538 1304 607 hre-

276 659 363 727 nmt,
379 645 425 711 nil
437 645 591 711 dicimur:
615 647 655 712 de
669 647 827 733 prioribus
844 648 907 712 boo
922 670 1021 712 unum
1040 644 1210 712 addimur:
1233 643 1302 709 Fre·

274 748 377 818 netres
400 748 551 826 orationes,
566 747 744 836 Epitaphius
758 750 872 814 Graece
882 747 983 814 diuos
998 748 1075 813 huic
1092 748 1171 810 item
1191 742 1306 831 generi

275 846 433 936 subjetloe
448 847 520 926 effe,
534 846 642 933 quales
656 848 775 912 exstant
791 847 969 933 Thenatas
981 861 1015 913 et
1035 845 1186 926 Platonis,
1206 841 1306 930 hujus

277 949 311 1016 in
331 950 523 1026 Menexeno‚
538 947 623 1012 illius
636 948 680 1014 ll.
694 968 714 1033 3
716 967 748 1032 5.
763 948 866 1035 etqui
881 948 1026 1013 feruntur
1039 946 1224 1013 nominibus
1238 945 1303 1033 Ly·

265 1051 328 1138 ſsa
353 1062 386 1113 et
415 1047 622 1135 Demosthenis,
650 1062 682 1112 et
709 1049 763 1135 qui
792 1048 963 1135 perierunt,
996 1047 1133 1136 Gorgia,
1160 1045 1304 1126 Armini,

279 1149 460 1240 Hyperidis.-
482 1163 516 1214 et
530 1149 639 1236 quales
654 1148 783 1214 fuerunt
797 1153 1012 1215 Romanorum
1025 1149 1203 1236 antiquitus
1215 1148 1303 1213 Lau·

278 1251 410 1319 dationes
432 1248 588 1313 Funebres.
624 1252 733 1336 Atque
754 1271 792 1313 ex
817 1250 878 1314 hac
898 1248 1162 1315 animadversione
1184 1246 1305 1313 intelli·

279 1350 406 1441 gendos
418 1351 460 1414 est
472 1350 586 1415 Cicero
597 1351 649 1415 De
662 1350 833 1415 Senettute
844 1353 902 1415 IV.
917 1373 982 1437 prae
994 1353 1039 1437 Ω
1050 1348 1147 1416 Fabio
1159 1348 1306 1415 Maximo

280 1469 488 1535 contemnens
503 1455 719 1541 philosophos,
733 1455 840 1536 motta,
856 1455 970 1542 inquit,
985 1456 1017 1517 ie
1031 1477 1062 1519 eo
1073 1453 1141 1519 viro
1154 1452 1306 1541 preclara

279 1557 420 1646 cognovi:
432 1558 493 1644 sed
510 1556 557 1629 eit
576 1555 615 1644 gli
636 1556 845 1621 admirabilius
864 1581 955 1644 quam
973 1555 1109 1643 quamdo
1123 1552 1177 1618 itte
1189 1568 1307 1619 mortem

280 1658 334 1726 M.
345 1659 416 1746 filii
430 1658 510 1739 tulit,
525 1658 601 1722 clari
615 1659 678 1723 viri
695 1670 723 1721 et
737 1658 910 1746 consederis:
933 1655 971 1744 ιβ
991 1658 1023 1721 in
1044 1655 1181 1721 ιιιαιιίὂιιι
1194 1655 1305 1721 laudo·

282 1760 341 1827 tio:
363 1785 452 1848 quam
465 1785 528 1825 cum
543 1759 677 1849 legimus,
691 1784 774 1847 quem
793 1759 991 1847 phileffopbum
1004 1783 1062 1825 non
1074 1758 1307 1824 contemnimus?

280 1862 352 1929 haec
365 1863 450 1929 enim
465 1886 504 1930 eo
518 1865 687 1952 pertinent,
710 1877 747 1928 ut
768 1864 854 1929 Fabii
875 1862 977 1927 oratio
994 1862 1035 1927 ad
1054 1859 1244 1927 leniendum
1255 1861 1306 1928 lu·

283 1965 383 2045 tium,
409 1966 615 2054 animumque
640 1966 903 2044 confirmandum,
929 1963 1077 2029 omnibus
1099 1961 1305 2050 philosopho-

282 2088 355 2130 rum
381 2068 650 2134 consolationibus
678 2067 864 2132 frutiuofior
890 2064 1109 2151 efficaciorque
1130 2062 1306 2150 judicetur.

282 2167 371 2252 Atyn
391 2169 632 2255 eagemtqneol,
656 2168 688 2231 in
709 2167 784 2231 casu
802 2166 937 2244 funebri,
961 2165 1112 2230 sermonis
1134 2167 1307 2267 consuetu·

282 2268 356 2333 dine
370 2268 511 2353 usurpari
524 2269 684 2333 solebant:
708 2268 795 2353 quod
817 2279 907 2331 notat
930 2266 1041 2332 Pollux
1057 2269 1126 2331 Ι111.
1143 2286 1226 2333 100:
1248 2269 1308 2334 Δι’·

282 2393 328 2452 γοι
350 2368 377 2429 δὲ
399 2371 463 2452 ἐρεῖς
482 2369 724 2455 ωαςαμυθητικοὶ,
745 2369 943 2453 σοφηγιρικιὶ,
966 2371 1200 2455 vagnyoptrrtxol,
1226 2376 1311 2436 ιιθι-

281 2467 365 2544 rneol,
380 2469 576 2550 σωφρονιςικοὶ,
600 2466 646 2546 καὶ
661 2472 700 2531 rai
721 2467 810 2551 ὅμοια·
834 2473 897 2555 ἐρεῖς
912 2471 938 2532 ii
954 2470 976 2556 ’i
990 2469 1070 2555 λόγοι
1084 2470 1234 2554 ἐπιτάφιοι,
1249 2477 1310 2537 1η-

282 2571 389 2648 attere
405 2573 526 2653 ἐλεγεῖα,
541 2567 754 2653 ἐπιγράμματα.

326 2689 398 2737 101.
415 2671 449 2734 F.
485 2670 558 2756 πρὸς
583 2669 778 2756 Ἀπολλώνιον]
815 2671 888 2737 Nec
917 2669 1012 2758 hujus
1040 2672 1221 2757 Apollonii,
1250 2696 1324 2740 nee

281 2771 415 2838 omnino
427 2770 592 2857 Apollonii
605 2769 805 2858 cujusquam,
820 2787 857 2836 ut
872 2771 1002 2859 aequalis
1020 2786 1054 2837 et
1071 2772 1237 2839 l'amiliaria
1252 2776 1311 2859 sui,

281 2871 314 2937 in
329 2870 457 2959 reliquis
471 2869 593 2956 scriptis
607 2871 753 2935 meminit
770 2871 969 2936 Plutarchus.

324 2992 359 3057 p.
378 2989 449 3039 102·
465 2972 508 3035 A.
536 2970 705 3057 ἀνθρωπίναις
726 2971 810 3059 φέρειν
833 2974 865 3035 τὸ
888 2970 1116 3057 venitianis-J
1143 2975 1316 3041 butum

276 3070 361 3157 serre
374 3073 491 3158 coſson:
514 3072 577 3136 vim
598 3072 686 3136 simul
705 3072 839 3136 attivam
861 3085 894 3136 et
914 3072 1061 3159 passivam
1082 3072 1201 3139 habet:
1224 3076 1314 3161 prior

283 3176 353 3241 hrec
370 3179 424 3256 eli,
436 3178 537 3265 serre,
557 3191 591 3243 ut
604 3179 683 3241 decet
702 3178 843 3244 hominem
862 3179 906 3240 ad
923 3179 1135 3244 humanitatem
1151 3180 1312 3262 axeium,

281 3301 340 3342 non
363 3277 542 3343 barbarum:
566 3277 662 3342 veluti
684 3277 778 3363 plane
800 3278 992 3366 intelligitur
1006 3303 1024 3345 e
1039 3279 1196 3346 Cicerone
1212 3283 1310 3348 Tute.

282 3380 328 3444 Il.
344 3381 404 3446 26:
427 3379 596 3444 -barbari
616 3379 732 3465 quidem
752 3393 780 3443 et
802 3381 940 3444 immanes
948 3381 1038 3466 ferra
1058 3383 1206 3446 decertare
1226 3408 1311 3449 acer·

282 3480 355 3544 rime
371 3481 501 3568 pistum,
520 3493 666 3568 egrotare
679 3479 810 3544 viriliter
822 3494 967 3569 aequant
977 3506 986 3559 3
1013 3482 1115 3547 Graeei
1135 3496 1235 3548 autem
1255 3509 1314 3551 ιιιιιι

270 3582 351 3672 satis
371 3582 502 3667 animost,
520 3583 691 3670 pnedentes,
712 3595 746 3646 ut
761 3581 802 3668 est
815 3595 917 3669 eaptus
930 3584 1088 3664 bominem,
1100 3585 1195 3671 satis,
1210 3585 1313 3672 hasten

282 3683 427 3772 aets'picen
443 3708 501 3748 ιιοιι
513 3684 648 3770 peffent:
672 3684 747 3747 idem
764 3684 875 3748 neorbos
896 3683 1054 3750 toleranter
1075 3698 1165 3773 atque
1185 3686 1315 3754 humane

269 3785 394 3875 serunt.
429 3785 475 3853 At
498 3786 611 3851 Cimbri
632 3797 660 3848 et
682 3784 820 3851 Celtiberi
838 3786 871 3850 in
889 3786 1001 3874 pretiis
1023 3786 1181 3874 eesreitant,
1197 3787 1314 3855 lamen.

282 3901 386 3955 tantur
399 3887 431 3953 ia
444 3887 561 3953 morbo.-
583 3885 662 3951 itihil
679 3887 755 3952 enim
768 3886 858 3976 potest
875 3889 928 3973 effe
940 3888 1097 3975 aquatile,
1114 3889 1194 3976 quod
1213 3914 1274 3955 non
1294 3916 1315 3957 a

280 4003 361 4056 certa
378 3989 491 4055 retiam
507 4002 562 4076 pro
586 3989 722 4076 cij'catur.
756 3991 844 4078 Ergo
858 3990 999 4055 cernitur
1011 3991 1044 4055 in
1059 3989 1168 4077 primia
1183 3991 1267 4059 ratio
1278 3992 1320 4059 in.

282 4091 466 4158 humaniter
490 4089 642 4157 ferendo:
676 4088 769 4176 cujus
793 4091 988 4154 contrarium
1016 4090 1060 4155 est
1087 4094 1123 4166 εἰς
1149 4080 1314 4180 pepigerat

281 4191 365 4270 πένθη
385 4191 612 4281 παμκηιέπθαι
632 4188 712 4278 viga
731 4198 779 4260 τοῦ,
802 4196 916 4273 φυσικοῦ
936 4191 958 4277 ’l
980 4191 1090 4278 μιτρῖιι,
1110 4207 1148 4256 ut
1169 4192 1316 4281 loquitur

142 4318 145 4325 ·
282 4292 472 4371 Plutarchus
494 4294 557 4362 hoc
577 4292 661 4361 libro
682 4312 716 4380 p.
738 4312 810 4375 114.
826 4293 872 4363 D.
914 4292 962 4356 At
982 4293 1094 4378 paffiva
1108 4294 1240 4363 notione
1255 4297 1313 4377 etl,

745 4624 825 4640 *-
