<?xml version="1.0" encoding="UTF-8"?>
<!DOCTYPE html PUBLIC "-//W3C//DTD XHTML 1.0 Transitional//EN"
    "http://www.w3.org/TR/xhtml1/DTD/xhtml1-transitional.dtd">
<html xmlns="http://www.w3.org/1999/xhtml" xml:lang="en" lang="en">
 <head>
  <title>
</title>
<meta http-equiv="Content-Type" content="text/html;charset=utf-8" />
  <meta name='ocr-system' content='tesseract 3.04.00' />
  <meta name='ocr-capabilities' content='ocr_page ocr_carea ocr_par ocr_line ocrx_word'/>
</head>
<body>
  <div class='ocr_page' id='page_1' title='image "./plutarchichaero28plutgoog_0222.png"; bbox 0 0 2700 4928; ppageno 0'>
   <div class='ocr_carea' id='block_1_1' title="bbox 161 334 1099 436">
    <p class='ocr_par' dir='ltr' id='par_1_1' title="bbox 161 334 1099 436">
     <span class='ocr_line' id='line_1_1' title="bbox 161 334 1099 436; baseline -0.002 -17"><span class='ocrx_word' id='word_1_1' title='bbox 161 356 378 419; x_wconf 71' lang='lat' dir='ltr'>uncum</span> <span class='ocrx_word' id='word_1_2' title='bbox 393 334 1007 436; x_wconf 81' lang='lat' dir='ltr'>SANIT.TUEND.p.125.F-126.A.·</span> <span class='ocrx_word' id='word_1_3' title='bbox 1033 366 1099 433; x_wconf 67' lang='grc' dir='ltr'>κιο</span> 
     </span>
    </p>
   </div>
   <div class='ocr_carea' id='block_1_2' title="bbox 128 502 1091 710">
    <p class='ocr_par' dir='ltr' id='par_1_2' title="bbox 128 502 1091 710">
     <span class='ocr_line' id='line_1_2' title="bbox 128 502 1089 608; baseline 0.002 -24"><span class='ocrx_word' id='word_1_4' title='bbox 128 518 235 585; x_wconf 75' lang='lat' dir='ltr'>letibus</span> <span class='ocrx_word' id='word_1_5' title='bbox 256 521 350 608; x_wconf 62' lang='lat' dir='ltr'>nasce}</span> <span class='ocrx_word' id='word_1_6' title='bbox 374 521 562 588; x_wconf 81' lang='lat' dir='ltr'>Plutarchus</span> <span class='ocrx_word' id='word_1_7' title='bbox 580 520 698 587; x_wconf 83' lang='lat' dir='ltr'>dnxille</span> <span class='ocrx_word' id='word_1_8' title='bbox 716 521 840 587; x_wconf 86' lang='lat' dir='ltr'>videtur</span> <span class='ocrx_word' id='word_1_9' title='bbox 859 543 899 586; x_wconf 84' lang='lat' dir='ltr'>ex</span> <span class='ocrx_word' id='word_1_10' title='bbox 919 520 983 585; x_wconf 85' lang='lat' dir='ltr'>alio</span> <span class='ocrx_word' id='word_1_11' title='bbox 1009 502 1089 586; x_wconf 78' lang='lat' dir='ltr'>Cra-</span> 
     </span>
     <span class='ocr_line' id='line_1_3' title="bbox 128 619 1091 710; baseline 0 -25"><span class='ocrx_word' id='word_1_12' title='bbox 128 619 292 687; x_wconf 74' lang='lat' dir='ltr'>hearmine</span> <span class='ocrx_word' id='word_1_13' title='bbox 306 623 406 688; x_wconf 83' lang='lat' dir='ltr'>citato</span> <span class='ocrx_word' id='word_1_14' title='bbox 420 622 505 710; x_wconf 85' lang='lat' dir='ltr'>apud</span> <span class='ocrx_word' id='word_1_15' title='bbox 519 623 702 710; x_wconf 85' lang='lat' dir='ltr'>Diogenem</span> <span class='ocrx_word' id='word_1_16' title='bbox 714 624 821 687; x_wconf 81' lang='lat' dir='ltr'>Loert.</span> <span class='ocrx_word' id='word_1_17' title='bbox 836 623 896 686; x_wconf 87' lang='lat' dir='ltr'>VI.</span> <span class='ocrx_word' id='word_1_18' title='bbox 911 622 950 707; x_wconf 83' lang='lat'>85</span> <span class='ocrx_word' id='word_1_19' title='bbox 962 647 971 685; x_wconf 76' lang='lat' dir='ltr'><strong><em>z</em></strong></span> <span class='ocrx_word' id='word_1_20' title='bbox 993 624 1091 686; x_wconf 73' lang='lat' dir='ltr'>&#39;Ami</span> 
     </span>
    </p>
   </div>
   <div class='ocr_carea' id='block_1_3' title="bbox 128 721 1090 813">
    <p class='ocr_par' dir='ltr' id='par_1_3' title="bbox 128 721 1090 813">
     <span class='ocr_line' id='line_1_4' title="bbox 128 721 1090 813; baseline 0 -26"><span class='ocrx_word' id='word_1_21' title='bbox 128 723 209 802; x_wconf 67' lang='lat' dir='ltr'>exal</span> <span class='ocrx_word' id='word_1_22' title='bbox 221 725 328 812; x_wconf 79' lang='grc' dir='ltr'>σκόρδα</span> <span class='ocrx_word' id='word_1_23' title='bbox 346 724 429 813; x_wconf 74' lang='grc' dir='ltr'>φόρον,</span> <span class='ocrx_word' id='word_1_24' title='bbox 449 726 497 787; x_wconf 69' lang='grc' dir='ltr'>καὶ</span> <span class='ocrx_word' id='word_1_25' title='bbox 512 732 587 788; x_wconf 81' lang='grc' dir='ltr'>σῦκα</span> <span class='ocrx_word' id='word_1_26' title='bbox 610 726 632 810; x_wconf 58' lang='grc' dir='ltr'>ᾖ</span> <span class='ocrx_word' id='word_1_27' title='bbox 650 721 748 811; x_wconf 77' lang='grc' dir='ltr'>όρτνς,</span> <span class='ocrx_word' id='word_1_28' title='bbox 765 726 820 802; x_wconf 80' lang='grc' dir='ltr'>Ἐξ</span> <span class='ocrx_word' id='word_1_29' title='bbox 838 721 873 787; x_wconf 76' lang='grc' dir='ltr'>ὧν</span> <span class='ocrx_word' id='word_1_30' title='bbox 890 728 920 786; x_wconf 78' lang='grc' dir='ltr'>οὔ</span> <span class='ocrx_word' id='word_1_31' title='bbox 940 730 1090 806; x_wconf 74' lang='grc' dir='ltr'>πολεμοῦσι</span> 
     </span>
    </p>
   </div>
   <div class='ocr_carea' id='block_1_4' title="bbox 128 818 1170 4449">
    <p class='ocr_par' dir='ltr' id='par_1_4' title="bbox 128 818 1170 4449">
     <span class='ocr_line' id='line_1_5' title="bbox 128 818 1170 914; baseline 0 -25"><span class='ocrx_word' id='word_1_32' title='bbox 128 828 287 903; x_wconf 70' lang='grc' dir='ltr'>νᾶλλῆλος·</span> <span class='ocrx_word' id='word_1_33' title='bbox 309 828 377 914; x_wconf 72' lang='grc' dir='ltr'>ωορδ</span> <span class='ocrx_word' id='word_1_34' title='bbox 395 825 497 890; x_wconf 74' lang='grc' dir='ltr'>τούτων</span> <span class='ocrx_word' id='word_1_35' title='bbox 518 830 587 912; x_wconf 76' lang='grc' dir='ltr'>Οὐχ</span> <span class='ocrx_word' id='word_1_36' title='bbox 601 824 675 888; x_wconf 67' lang='lat' dir='ltr'>Ana</span> <span class='ocrx_word' id='word_1_37' title='bbox 689 824 885 905; x_wconf 72' lang='grc' dir='ltr'>κε’κηντορ-.</span> <span class='ocrx_word' id='word_1_38' title='bbox 921 827 996 889; x_wconf 87' lang='lat' dir='ltr'>Hoc</span> <span class='ocrx_word' id='word_1_39' title='bbox 1009 824 1092 889; x_wconf 74' lang='lat' dir='ltr'>vele</span> <span class='ocrx_word' id='word_1_40' title='bbox 1164 818 1170 830; x_wconf 59' lang='lat'>⁸</span> 
     </span>
     <span class='ocr_line' id='line_1_6' title="bbox 128 925 1090 1013; baseline 0.001 -23"><span class='ocrx_word' id='word_1_41' title='bbox 128 948 212 1012; x_wconf 77' lang='lat' dir='ltr'>&gt;gene</span> <span class='ocrx_word' id='word_1_42' title='bbox 228 927 422 1012; x_wconf 69' lang='lat' dir='ltr'>proleelum</span> <span class='ocrx_word' id='word_1_43' title='bbox 437 927 485 992; x_wconf 89' lang='lat' dir='ltr'>vel</span> <span class='ocrx_word' id='word_1_44' title='bbox 502 927 532 992; x_wconf 90' lang='lat' dir='ltr'>ei</span> <span class='ocrx_word' id='word_1_45' title='bbox 553 947 718 1013; x_wconf 82' lang='lat' dir='ltr'>perperam</span> <span class='ocrx_word' id='word_1_46' title='bbox 737 925 892 992; x_wconf 86' lang='lat' dir='ltr'>tributum</span> <span class='ocrx_word' id='word_1_47' title='bbox 907 926 949 990; x_wconf 86' lang='lat' dir='ltr'>ab</span> <span class='ocrx_word' id='word_1_48' title='bbox 969 925 1090 992; x_wconf 87' lang='lat' dir='ltr'>Hiero-</span> 
     </span>
     <span class='ocr_line' id='line_1_7' title="bbox 128 1028 1094 1116; baseline -0.002 -24"><span class='ocrx_word' id='word_1_49' title='bbox 128 1049 166 1093; x_wconf 86' lang='lat' dir='ltr'>no</span> <span class='ocrx_word' id='word_1_50' title='bbox 182 1028 268 1093; x_wconf 90' lang='lat' dir='ltr'>Adv.</span> <span class='ocrx_word' id='word_1_51' title='bbox 290 1028 448 1094; x_wconf 82' lang='lat' dir='ltr'>Jovinien.</span> <span class='ocrx_word' id='word_1_52' title='bbox 471 1030 515 1094; x_wconf 91' lang='lat' dir='ltr'>ll.</span> <span class='ocrx_word' id='word_1_53' title='bbox 538 1050 570 1115; x_wconf 91' lang='lat' dir='ltr'>p.</span> <span class='ocrx_word' id='word_1_54' title='bbox 590 1046 644 1113; x_wconf 81' lang='lat'>54.</span> <span class='ocrx_word' id='word_1_55' title='bbox 665 1029 719 1094; x_wconf 85' lang='lat' dir='ltr'>H:</span> <span class='ocrx_word' id='word_1_56' title='bbox 745 1028 892 1116; x_wconf 81' lang='lat' dir='ltr'>Diogenes</span> <span class='ocrx_word' id='word_1_57' title='bbox 909 1039 1047 1116; x_wconf 75' lang='lat' dir='ltr'>tyrannm</span> <span class='ocrx_word' id='word_1_58' title='bbox 1064 1039 1094 1091; x_wconf 75' lang='lat' dir='ltr'>et</span> 
     </span>
     <span class='ocr_line' id='line_1_8' title="bbox 128 1127 1092 1219; baseline 0 -26"><span class='ocrx_word' id='word_1_59' title='bbox 128 1131 256 1216; x_wconf 73' lang='lat' dir='ltr'>verstones</span> <span class='ocrx_word' id='word_1_60' title='bbox 271 1130 400 1208; x_wconf 77' lang='lat' dir='ltr'>urbium,</span> <span class='ocrx_word' id='word_1_61' title='bbox 419 1129 553 1218; x_wconf 80' lang='lat' dir='ltr'>bellaque</span> <span class='ocrx_word' id='word_1_62' title='bbox 567 1130 618 1194; x_wconf 85' lang='lat' dir='ltr'>vel</span> <span class='ocrx_word' id='word_1_63' title='bbox 638 1127 752 1214; x_wconf 78' lang='lat' dir='ltr'>hostilia</span> <span class='ocrx_word' id='word_1_64' title='bbox 766 1129 817 1193; x_wconf 82' lang='lat' dir='ltr'>vel</span> <span class='ocrx_word' id='word_1_65' title='bbox 832 1128 950 1219; x_wconf 73' lang='lat' dir='ltr'>civilia,</span> <span class='ocrx_word' id='word_1_66' title='bbox 965 1152 1024 1193; x_wconf 83' lang='lat' dir='ltr'>non</span> <span class='ocrx_word' id='word_1_67' title='bbox 1038 1143 1092 1216; x_wconf 81' lang='lat' dir='ltr'>pro</span> 
     </span>
     <span class='ocr_line' id='line_1_9' title="bbox 128 1230 1091 1320; baseline 0 -25"><span class='ocrx_word' id='word_1_68' title='bbox 128 1230 184 1295; x_wconf 75' lang='lat' dir='ltr'>uici</span> <span class='ocrx_word' id='word_1_69' title='bbox 195 1232 280 1295; x_wconf 73' lang='grc' dir='ltr'>ον’ἑὶο</span> <span class='ocrx_word' id='word_1_70' title='bbox 295 1231 404 1294; x_wconf 83' lang='lat' dir='ltr'>olerum</span> <span class='ocrx_word' id='word_1_71' title='bbox 421 1245 637 1320; x_wconf 80' lang='lat' dir='ltr'><em>pomorumque,</em></span> <span class='ocrx_word' id='word_1_72' title='bbox 648 1231 709 1318; x_wconf 83' lang='lat' dir='ltr'>sed</span> <span class='ocrx_word' id='word_1_73' title='bbox 726 1245 780 1317; x_wconf 85' lang='grc' dir='ltr'>ρνο</span> <span class='ocrx_word' id='word_1_74' title='bbox 794 1230 931 1295; x_wconf 78' lang='lat' dir='ltr'>carnibus</span> <span class='ocrx_word' id='word_1_75' title='bbox 944 1241 972 1292; x_wconf 80' lang='lat' dir='ltr'>et</span> <span class='ocrx_word' id='word_1_76' title='bbox 985 1230 1091 1318; x_wconf 83' lang='lat' dir='ltr'>epula·</span> 
     </span>
     <span class='ocr_line' id='line_1_10' title="bbox 128 1330 517 1417; baseline -0.003 -21"><span class='ocrx_word' id='word_1_77' title='bbox 128 1330 256 1396; x_wconf 79' lang='lat' dir='ltr'>tddicit&#39;s</span> <span class='ocrx_word' id='word_1_78' title='bbox 269 1330 369 1417; x_wconf 66' lang='lat' dir='ltr'>afferi!</span> <span class='ocrx_word' id='word_1_79' title='bbox 382 1332 517 1395; x_wconf 76' lang='lat' dir='ltr'>excilort&#39;.</span> 
     </span>
     <span class='ocr_line' id='line_1_11' title="bbox 128 1433 1094 1523; baseline 0.003 -25"><span class='ocrx_word' id='word_1_80' title='bbox 128 1451 180 1521; x_wconf 65' lang='lat'>125.</span> <span class='ocrx_word' id='word_1_81' title='bbox 195 1438 232 1501; x_wconf 82' lang='lat' dir='ltr'>F.</span> <span class='ocrx_word' id='word_1_82' title='bbox 255 1435 425 1522; x_wconf 70' lang='grc' dir='ltr'>καρδαμίδα]</span> <span class='ocrx_word' id='word_1_83' title='bbox 451 1436 554 1500; x_wconf 86' lang='lat' dir='ltr'>Notat</span> <span class='ocrx_word' id='word_1_84' title='bbox 575 1434 673 1513; x_wconf 88' lang='lat' dir='ltr'>idem,</span> <span class='ocrx_word' id='word_1_85' title='bbox 692 1433 780 1523; x_wconf 89' lang='lat' dir='ltr'>quod</span> <span class='ocrx_word' id='word_1_86' title='bbox 798 1436 955 1521; x_wconf 74' lang='grc' dir='ltr'>κόρδαμοντ</span> <span class='ocrx_word' id='word_1_87' title='bbox 980 1434 1019 1500; x_wconf 84' lang='lat' dir='ltr'>fic</span> <span class='ocrx_word' id='word_1_88' title='bbox 1041 1437 1094 1501; x_wconf 86' lang='lat' dir='ltr'>De</span> 
     </span>
     <span class='ocr_line' id='line_1_12' title="bbox 128 1534 1093 1624; baseline 0 -21"><span class='ocrx_word' id='word_1_89' title='bbox 128 1534 177 1602; x_wconf 79' lang='lat' dir='ltr'>lml</span> <span class='ocrx_word' id='word_1_90' title='bbox 193 1539 314 1624; x_wconf 81' lang='lat' dir='ltr'>Tranq.</span> <span class='ocrx_word' id='word_1_91' title='bbox 337 1560 368 1624; x_wconf 87' lang='lat' dir='ltr'>p.</span> <span class='ocrx_word' id='word_1_92' title='bbox 383 1538 459 1620; x_wconf 85' lang='lat'>466.</span> <span class='ocrx_word' id='word_1_93' title='bbox 474 1539 526 1603; x_wconf 86' lang='lat' dir='ltr'>D:</span> <span class='ocrx_word' id='word_1_94' title='bbox 554 1538 700 1624; x_wconf 73' lang='grc' dir='ltr'>αὐτόπυρον</span> <span class='ocrx_word' id='word_1_95' title='bbox 722 1541 761 1601; x_wconf 76' lang='lat' dir='ltr'>ht&#39;</span> <span class='ocrx_word' id='word_1_96' title='bbox 783 1537 889 1613; x_wconf 72' lang='grc' dir='ltr'>δλαόανς</span> <span class='ocrx_word' id='word_1_97' title='bbox 910 1537 926 1615; x_wconf 72' lang='grc' dir='ltr'>ἢ</span> <span class='ocrx_word' id='word_1_98' title='bbox 947 1539 1093 1624; x_wconf 69' lang='grc' dir='ltr'>καρδαμίδι</span> 
     </span>
     <span class='ocr_line' id='line_1_13' title="bbox 128 1629 1093 1728; baseline 0.002 -26"><span class='ocrx_word' id='word_1_99' title='bbox 128 1641 182 1720; x_wconf 61' lang='lat' dir='ltr'>litae</span> <span class='ocrx_word' id='word_1_100' title='bbox 200 1648 366 1728; x_wconf 68' lang='grc' dir='ltr'>προσφιλῶς</span> <span class='ocrx_word' id='word_1_101' title='bbox 389 1641 435 1703; x_wconf 72' lang='grc' dir='ltr'>καὶ</span> <span class='ocrx_word' id='word_1_102' title='bbox 457 1641 620 1727; x_wconf 66' lang='grc' dir='ltr'>προθύμως.</span> <span class='ocrx_word' id='word_1_103' title='bbox 660 1641 712 1705; x_wconf 90' lang='lat' dir='ltr'>De</span> <span class='ocrx_word' id='word_1_104' title='bbox 733 1629 789 1703; x_wconf 83' lang='lat' dir='ltr'>illo</span> <span class='ocrx_word' id='word_1_105' title='bbox 813 1639 949 1704; x_wconf 79' lang='lat' dir='ltr'>diximus</span> <span class='ocrx_word' id='word_1_106' title='bbox 971 1661 1004 1725; x_wconf 92' lang='lat' dir='ltr'>p.</span> <span class='ocrx_word' id='word_1_107' title='bbox 1021 1658 1093 1704; x_wconf 89' lang='lat'>101.</span> 
     </span>
     <span class='ocr_line' id='line_1_14' title="bbox 143 1738 1092 1827; baseline 0 -21"><span class='ocrx_word' id='word_1_108' title='bbox 143 1738 181 1806; x_wconf 90' lang='lat' dir='ltr'>de</span> <span class='ocrx_word' id='word_1_109' title='bbox 198 1741 260 1805; x_wconf 86' lang='lat' dir='ltr'>hac</span> <span class='ocrx_word' id='word_1_110' title='bbox 276 1741 458 1805; x_wconf 83' lang='lat' dir='ltr'>conferatur</span> <span class='ocrx_word' id='word_1_111' title='bbox 481 1743 528 1804; x_wconf 91' lang='lat' dir='ltr'>H.</span> <span class='ocrx_word' id='word_1_112' title='bbox 544 1741 724 1827; x_wconf 83' lang='lat' dir='ltr'>Stephanus</span> <span class='ocrx_word' id='word_1_113' title='bbox 742 1741 835 1805; x_wconf 87' lang='lat' dir='ltr'>Thes.</span> <span class='ocrx_word' id='word_1_114' title='bbox 852 1742 891 1804; x_wconf 93' lang='lat' dir='ltr'>L.</span> <span class='ocrx_word' id='word_1_115' title='bbox 908 1741 966 1804; x_wconf 91' lang='lat' dir='ltr'>Gr.</span> <span class='ocrx_word' id='word_1_116' title='bbox 991 1739 1092 1806; x_wconf 86' lang='lat' dir='ltr'>Indic.</span> 
     </span>
     <span class='ocr_line' id='line_1_15' title="bbox 128 1844 265 1929; baseline 0 -23"><span class='ocrx_word' id='word_1_117' title='bbox 128 1844 210 1929; x_wconf 83' lang='lat'>1136.</span> <span class='ocrx_word' id='word_1_118' title='bbox 229 1844 265 1906; x_wconf 83' lang='lat' dir='ltr'>F.</span> 
     </span>
     <span class='ocr_line' id='line_1_16' title="bbox 128 1938 1093 2031; baseline 0.001 -24"><span class='ocrx_word' id='word_1_119' title='bbox 128 1958 183 2030; x_wconf 81' lang='lat'>125.</span> <span class='ocrx_word' id='word_1_120' title='bbox 200 1945 236 2008; x_wconf 81' lang='lat' dir='ltr'>F.</span> <span class='ocrx_word' id='word_1_121' title='bbox 265 1943 353 2031; x_wconf 69' lang='grc' dir='ltr'>θρόον]</span> <span class='ocrx_word' id='word_1_122' title='bbox 389 1942 573 2008; x_wconf 81' lang='lat' dir='ltr'>Farciminis</span> <span class='ocrx_word' id='word_1_123' title='bbox 600 1939 729 2005; x_wconf 85' lang='lat' dir='ltr'>delicati</span> <span class='ocrx_word' id='word_1_124' title='bbox 743 1938 859 2026; x_wconf 77' lang='lat' dir='ltr'>&#39;genus</span> <span class='ocrx_word' id='word_1_125' title='bbox 885 1939 931 2005; x_wconf 74' lang='lat' dir='ltr'>ita</span> <span class='ocrx_word' id='word_1_126' title='bbox 957 1941 1093 2026; x_wconf 72' lang='lat' dir='ltr'>diuum,</span> 
     </span>
     <span class='ocr_line' id='line_1_17' title="bbox 128 2034 1094 2134; baseline -0.001 -24"><span class='ocrx_word' id='word_1_127' title='bbox 128 2044 288 2134; x_wconf 66' lang='lat' dir='ltr'>hineglov,</span> <span class='ocrx_word' id='word_1_128' title='bbox 300 2045 361 2130; x_wconf 79' lang='lat' dir='ltr'>fici</span> <span class='ocrx_word' id='word_1_129' title='bbox 371 2044 497 2130; x_wconf 80' lang='lat' dir='ltr'>solium,</span> <span class='ocrx_word' id='word_1_130' title='bbox 519 2034 749 2107; x_wconf 78' lang='lat' dir='ltr'>involvebatur:</span> <span class='ocrx_word' id='word_1_131' title='bbox 774 2040 842 2128; x_wconf 86' lang='lat' dir='ltr'>ejus</span> <span class='ocrx_word' id='word_1_132' title='bbox 861 2042 1094 2109; x_wconf 69' lang='lat' dir='ltr'>confedionem</span> 
     </span>
     <span class='ocr_line' id='line_1_18' title="bbox 128 2140 1094 2230; baseline 0 -19"><span class='ocrx_word' id='word_1_133' title='bbox 128 2142 196 2211; x_wconf 83' lang='lat' dir='ltr'>lunt</span> <span class='ocrx_word' id='word_1_134' title='bbox 219 2145 332 2211; x_wconf 88' lang='lat' dir='ltr'>Pollux</span> <span class='ocrx_word' id='word_1_135' title='bbox 344 2146 405 2209; x_wconf 92' lang='lat' dir='ltr'>Vl.</span> <span class='ocrx_word' id='word_1_136' title='bbox 418 2161 473 2229; x_wconf 85' lang='lat'>57.</span> <span class='ocrx_word' id='word_1_137' title='bbox 511 2143 621 2210; x_wconf 92' lang='lat' dir='ltr'>Schol.</span> <span class='ocrx_word' id='word_1_138' title='bbox 638 2141 799 2228; x_wconf 84' lang='lat' dir='ltr'>Aristoph.</span> <span class='ocrx_word' id='word_1_139' title='bbox 815 2143 898 2230; x_wconf 84' lang='lat' dir='ltr'>Equ.</span> <span class='ocrx_word' id='word_1_140' title='bbox 912 2159 970 2230; x_wconf 87' lang='lat'>951</span> <span class='ocrx_word' id='word_1_141' title='bbox 985 2169 993 2207; x_wconf 73' lang='grc' dir='ltr'><strong><em>ε</em></strong></span> <span class='ocrx_word' id='word_1_142' title='bbox 1017 2140 1094 2213; x_wconf 83' lang='lat' dir='ltr'>hino</span> 
     </span>
     <span class='ocr_line' id='line_1_19' title="bbox 128 2243 1093 2337; baseline 0.002 -24"><span class='ocrx_word' id='word_1_143' title='bbox 128 2243 180 2313; x_wconf 67' lang='lat' dir='ltr'>&#39;tlte</span> <span class='ocrx_word' id='word_1_144' title='bbox 204 2248 237 2311; x_wconf 90' lang='lat' dir='ltr'>in</span> <span class='ocrx_word' id='word_1_145' title='bbox 263 2247 350 2337; x_wconf 77' lang='grc' dir='ltr'>Θρόον</span> <span class='ocrx_word' id='word_1_146' title='bbox 371 2247 409 2312; x_wconf 90' lang='grc' dir='ltr'>Τ.</span> <span class='ocrx_word' id='word_1_147' title='bbox 432 2248 476 2310; x_wconf 93' lang='lat' dir='ltr'>ll.</span> <span class='ocrx_word' id='word_1_148' title='bbox 501 2268 535 2333; x_wconf 91' lang='lat' dir='ltr'>p.</span> <span class='ocrx_word' id='word_1_149' title='bbox 559 2249 632 2313; x_wconf 86' lang='lat'>206.</span> <span class='ocrx_word' id='word_1_150' title='bbox 671 2245 864 2333; x_wconf 75' lang='lat' dir='ltr'>Hesychius.</span> <span class='ocrx_word' id='word_1_151' title='bbox 905 2248 953 2315; x_wconf 91' lang='lat' dir='ltr'>H.</span> <span class='ocrx_word' id='word_1_152' title='bbox 978 2249 1093 2336; x_wconf 88' lang='lat' dir='ltr'>Steph.</span> 
     </span>
     <span class='ocr_line' id='line_1_20' title="bbox 128 2346 560 2434; baseline -0.007 -21"><span class='ocrx_word' id='word_1_153' title='bbox 128 2346 161 2413; x_wconf 81' lang='lat' dir='ltr'>ts.</span> <span class='ocrx_word' id='word_1_154' title='bbox 176 2349 213 2414; x_wconf 90' lang='lat' dir='ltr'>L.</span> <span class='ocrx_word' id='word_1_155' title='bbox 230 2349 289 2412; x_wconf 87' lang='lat' dir='ltr'>Gr.</span> <span class='ocrx_word' id='word_1_156' title='bbox 303 2350 342 2413; x_wconf 88' lang='lat' dir='ltr'>T.</span> <span class='ocrx_word' id='word_1_157' title='bbox 359 2348 403 2411; x_wconf 93' lang='lat' dir='ltr'>ll.</span> <span class='ocrx_word' id='word_1_158' title='bbox 418 2369 451 2434; x_wconf 91' lang='lat' dir='ltr'>p.</span> <span class='ocrx_word' id='word_1_159' title='bbox 467 2367 560 2433; x_wconf 85' lang='lat'><strong>1590.</strong></span> 
     </span>
     <span class='ocr_line' id='line_1_21' title="bbox 128 2446 1093 2535; baseline 0.01 -26"><span class='ocrx_word' id='word_1_160' title='bbox 128 2462 184 2532; x_wconf 76' lang='lat'>125.</span> <span class='ocrx_word' id='word_1_161' title='bbox 199 2449 236 2511; x_wconf 85' lang='lat' dir='ltr'>F.</span> <span class='ocrx_word' id='word_1_162' title='bbox 259 2448 364 2533; x_wconf 72' lang='grc' dir='ltr'>ὀψάρια</span> <span class='ocrx_word' id='word_1_163' title='bbox 385 2446 431 2527; x_wconf 62' lang='grc' dir='ltr'>καὶ</span> <span class='ocrx_word' id='word_1_164' title='bbox 451 2447 661 2535; x_wconf 57' lang='lat' dir='ltr'>exmpleum]</span> <span class='ocrx_word' id='word_1_165' title='bbox 688 2449 877 2535; x_wconf 78' lang='lat' dir='ltr'>Frequentia</span> <span class='ocrx_word' id='word_1_166' title='bbox 891 2448 923 2515; x_wconf 92' lang='lat' dir='ltr'>in</span> <span class='ocrx_word' id='word_1_167' title='bbox 939 2450 1093 2519; x_wconf 88' lang='lat' dir='ltr'>Comico·</span> 
     </span>
     <span class='ocr_line' id='line_1_22' title="bbox 128 2547 1094 2641; baseline 0.008 -30"><span class='ocrx_word' id='word_1_168' title='bbox 128 2568 146 2611; x_wconf 87' lang='lat' dir='ltr'>n</span> <span class='ocrx_word' id='word_1_169' title='bbox 163 2548 351 2636; x_wconf 76' lang='lat' dir='ltr'>fragmentis</span> <span class='ocrx_word' id='word_1_170' title='bbox 374 2548 545 2627; x_wconf 86' lang='lat' dir='ltr'>vocabula;</span> <span class='ocrx_word' id='word_1_171' title='bbox 568 2547 653 2612; x_wconf 91' lang='lat' dir='ltr'>unde</span> <span class='ocrx_word' id='word_1_172' title='bbox 667 2549 737 2634; x_wconf 82' lang='lat' dir='ltr'>quis</span> <span class='ocrx_word' id='word_1_173' title='bbox 758 2550 914 2636; x_wconf 70' lang='lat' dir='ltr'>exspeelet</span> <span class='ocrx_word' id='word_1_174' title='bbox 936 2551 1023 2618; x_wconf 86' lang='lat' dir='ltr'>hunc</span> <span class='ocrx_word' id='word_1_175' title='bbox 1042 2554 1094 2641; x_wconf 90' lang='lat' dir='ltr'>ip·</span> 
     </span>
     <span class='ocr_line' id='line_1_23' title="bbox 128 2647 1096 2736; baseline 0.005 -23"><span class='ocrx_word' id='word_1_176' title='bbox 128 2670 143 2713; x_wconf 86' lang='lat' dir='ltr'>u</span> <span class='ocrx_word' id='word_1_177' title='bbox 161 2647 193 2714; x_wconf 91' lang='lat' dir='ltr'>in</span> <span class='ocrx_word' id='word_1_178' title='bbox 211 2650 274 2713; x_wconf 78' lang='lat' dir='ltr'>illis</span> <span class='ocrx_word' id='word_1_179' title='bbox 294 2650 410 2714; x_wconf 79' lang='lat' dir='ltr'>exstare</span> <span class='ocrx_word' id='word_1_180' title='bbox 433 2649 574 2713; x_wconf 85' lang='lat' dir='ltr'>versum:</span> <span class='ocrx_word' id='word_1_181' title='bbox 599 2672 670 2735; x_wconf 77' lang='lat' dir='ltr'>quoe</span> <span class='ocrx_word' id='word_1_182' title='bbox 685 2671 743 2713; x_wconf 84' lang='lat' dir='ltr'>nos</span> <span class='ocrx_word' id='word_1_183' title='bbox 758 2649 826 2736; x_wconf 80' lang='lat' dir='ltr'>spes</span> <span class='ocrx_word' id='word_1_184' title='bbox 840 2648 972 2715; x_wconf 86' lang='lat' dir='ltr'>fefellit:</span> <span class='ocrx_word' id='word_1_185' title='bbox 997 2654 1096 2719; x_wconf 87' lang='lat' dir='ltr'>veluti</span> 
     </span>
     <span class='ocr_line' id='line_1_24' title="bbox 128 2748 1093 2839; baseline 0.004 -24"><span class='ocrx_word' id='word_1_186' title='bbox 128 2748 183 2839; x_wconf 74' lang='grc' dir='ltr'>ἰριον</span> <span class='ocrx_word' id='word_1_187' title='bbox 204 2751 285 2838; x_wconf 84' lang='lat' dir='ltr'>saepe</span> <span class='ocrx_word' id='word_1_188' title='bbox 311 2749 397 2837; x_wconf 88' lang='lat' dir='ltr'>apud</span> <span class='ocrx_word' id='word_1_189' title='bbox 425 2749 622 2814; x_wconf 87' lang='lat' dir='ltr'>Athenaeum</span> <span class='ocrx_word' id='word_1_190' title='bbox 647 2752 690 2814; x_wconf 90' lang='lat' dir='ltr'>X.</span> <span class='ocrx_word' id='word_1_191' title='bbox 711 2750 794 2835; x_wconf 86' lang='lat'><strong>385:</strong></span> <span class='ocrx_word' id='word_1_192' title='bbox 829 2750 1006 2818; x_wconf 89' lang='lat' dir='ltr'>Philemon.</span> <span class='ocrx_word' id='word_1_193' title='bbox 1032 2754 1093 2819; x_wconf 85' lang='lat' dir='ltr'>Ed.</span> 
     </span>
     <span class='ocr_line' id='line_1_25' title="bbox 128 2851 1094 2941; baseline 0.003 -24"><span class='ocrx_word' id='word_1_194' title='bbox 128 2851 189 2917; x_wconf 69' lang='lat' dir='ltr'>erici</span> <span class='ocrx_word' id='word_1_195' title='bbox 211 2876 244 2939; x_wconf 90' lang='lat' dir='ltr'>p.</span> <span class='ocrx_word' id='word_1_196' title='bbox 265 2853 341 2936; x_wconf 81' lang='lat'>348.</span> <span class='ocrx_word' id='word_1_197' title='bbox 365 2855 493 2938; x_wconf 67' lang='grc' dir='ltr'>πετραῖα</span> <span class='ocrx_word' id='word_1_198' title='bbox 516 2852 641 2937; x_wconf 72' lang='grc' dir='ltr'>ὄψάρναε</span> <span class='ocrx_word' id='word_1_199' title='bbox 681 2851 843 2915; x_wconf 85' lang='lat' dir='ltr'>Pollucem</span> <span class='ocrx_word' id='word_1_200' title='bbox 872 2854 932 2916; x_wconf 92' lang='lat' dir='ltr'>Vl.</span> <span class='ocrx_word' id='word_1_201' title='bbox 955 2855 1094 2941; x_wconf 86' lang='lat'>64—71.</span> 
     </span>
     <span class='ocr_line' id='line_1_26' title="bbox 128 2952 1096 3040; baseline 0.007 -25"><span class='ocrx_word' id='word_1_202' title='bbox 128 2977 238 3040; x_wconf 67' lang='grc' dir='ltr'>τρμρα.</span> <span class='ocrx_word' id='word_1_203' title='bbox 269 2953 429 3016; x_wconf 87' lang='lat' dir='ltr'><strong>Plutarch.</strong></span> <span class='ocrx_word' id='word_1_204' title='bbox 448 2952 534 3037; x_wconf 91' lang='lat' dir='ltr'>Opp.</span> <span class='ocrx_word' id='word_1_205' title='bbox 550 2954 638 3016; x_wconf 85' lang='lat' dir='ltr'>Mor.</span> <span class='ocrx_word' id='word_1_206' title='bbox 653 2973 686 3038; x_wconf 94' lang='lat' dir='ltr'>p.</span> <span class='ocrx_word' id='word_1_207' title='bbox 695 2953 747 3016; x_wconf 90' lang='lat'>68.</span> <span class='ocrx_word' id='word_1_208' title='bbox 760 2953 798 3016; x_wconf 91' lang='lat' dir='ltr'>B.</span> <span class='ocrx_word' id='word_1_209' title='bbox 815 2953 888 3032; x_wconf 85' lang='lat'>644.</span> <span class='ocrx_word' id='word_1_210' title='bbox 902 2955 941 3017; x_wconf 94' lang='grc' dir='ltr'>Β.</span> <span class='ocrx_word' id='word_1_211' title='bbox 971 2954 1096 3022; x_wconf 85' lang='lat' dir='ltr'>Athen.</span> 
     </span>
     <span class='ocr_line' id='line_1_27' title="bbox 128 3052 1098 3140; baseline -0.004 -19"><span class='ocrx_word' id='word_1_212' title='bbox 128 3070 148 3121; x_wconf 79' lang='grc' dir='ltr'>Ι.</span> <span class='ocrx_word' id='word_1_213' title='bbox 159 3054 197 3119; x_wconf 89' lang='grc' dir='ltr'>Β.</span> <span class='ocrx_word' id='word_1_214' title='bbox 236 3052 321 3118; x_wconf 85' lang='lat' dir='ltr'>Illud</span> <span class='ocrx_word' id='word_1_215' title='bbox 335 3052 528 3138; x_wconf 82' lang='lat' dir='ltr'>proximum,</span> <span class='ocrx_word' id='word_1_216' title='bbox 544 3054 604 3127; x_wconf 82' lang='grc' dir='ltr'>τοὺς</span> <span class='ocrx_word' id='word_1_217' title='bbox 618 3052 690 3140; x_wconf 75' lang='grc' dir='ltr'>ὅρους</span> <span class='ocrx_word' id='word_1_218' title='bbox 703 3058 751 3128; x_wconf 81' lang='grc' dir='ltr'>τῆς</span> <span class='ocrx_word' id='word_1_219' title='bbox 762 3055 848 3128; x_wconf 80' lang='grc' dir='ltr'>ἡδονῆς</span> <span class='ocrx_word' id='word_1_220' title='bbox 861 3055 1098 3140; x_wconf 38' lang='lat' dir='ltr'>peraridum&amp;</span> 
     </span>
     <span class='ocr_line' id='line_1_28' title="bbox 133 3152 1097 3243; baseline 0.005 -24"><span class='ocrx_word' id='word_1_221' title='bbox 133 3154 337 3242; x_wconf 81' lang='lat' dir='ltr'>philosophiae</span> <span class='ocrx_word' id='word_1_222' title='bbox 355 3154 470 3218; x_wconf 87' lang='lat' dir='ltr'>scholis</span> <span class='ocrx_word' id='word_1_223' title='bbox 492 3153 626 3218; x_wconf 68' lang='lat' dir='ltr'>dudlum</span> <span class='ocrx_word' id='word_1_224' title='bbox 646 3153 781 3233; x_wconf 84' lang='lat' dir='ltr'>videtur,</span> <span class='ocrx_word' id='word_1_225' title='bbox 795 3152 1001 3243; x_wconf 87' lang='lat' dir='ltr'>indidemque</span> <span class='ocrx_word' id='word_1_226' title='bbox 1015 3158 1097 3224; x_wconf 85' lang='lat' dir='ltr'>hau·</span> 
     </span>
     <span class='ocr_line' id='line_1_29' title="bbox 128 3254 1093 3345; baseline 0.004 -26"><span class='ocrx_word' id='word_1_227' title='bbox 128 3276 137 3319; x_wconf 77' lang='grc'><strong>2</strong></span> <span class='ocrx_word' id='word_1_228' title='bbox 157 3254 249 3321; x_wconf 89' lang='lat' dir='ltr'>Philo</span> <span class='ocrx_word' id='word_1_229' title='bbox 269 3255 346 3321; x_wconf 88' lang='lat' dir='ltr'>Jud.</span> <span class='ocrx_word' id='word_1_230' title='bbox 371 3257 452 3340; x_wconf 78' lang='lat' dir='ltr'>leg.</span> <span class='ocrx_word' id='word_1_231' title='bbox 477 3254 622 3341; x_wconf 84' lang='lat' dir='ltr'>Allegor.</span> <span class='ocrx_word' id='word_1_232' title='bbox 645 3278 679 3342; x_wconf 88' lang='lat' dir='ltr'>p.</span> <span class='ocrx_word' id='word_1_233' title='bbox 698 3257 751 3319; x_wconf 83' lang='lat'>81.</span> <span class='ocrx_word' id='word_1_234' title='bbox 768 3258 820 3319; x_wconf 86' lang='lat' dir='ltr'>A:</span> <span class='ocrx_word' id='word_1_235' title='bbox 852 3256 978 3345; x_wconf 76' lang='grc' dir='ltr'>κατάρας</span> <span class='ocrx_word' id='word_1_236' title='bbox 1001 3259 1093 3345; x_wconf 72' lang='grc' dir='ltr'>(ἀξία)</span> 
     </span>
     <span class='ocr_line' id='line_1_30' title="bbox 128 3355 903 3443; baseline 0.001 -22"><span class='ocrx_word' id='word_1_237' title='bbox 128 3360 189 3437; x_wconf 65' lang='lat' dir='ltr'>del</span> <span class='ocrx_word' id='word_1_238' title='bbox 201 3357 303 3435; x_wconf 66' lang='grc' dir='ltr'>κάδος,</span> <span class='ocrx_word' id='word_1_239' title='bbox 319 3364 334 3434; x_wconf 73' lang='grc' dir='ltr'><strong>ἦ</strong></span> <span class='ocrx_word' id='word_1_240' title='bbox 347 3361 533 3437; x_wconf 72' lang='grc' dir='ltr'>μετατνθιῖοα</span> <span class='ocrx_word' id='word_1_241' title='bbox 545 3358 606 3429; x_wconf 82' lang='grc' dir='ltr'>τοὺς</span> <span class='ocrx_word' id='word_1_242' title='bbox 620 3355 682 3443; x_wconf 77' lang='grc' dir='ltr'>όρκς</span> <span class='ocrx_word' id='word_1_243' title='bbox 695 3362 742 3432; x_wconf 77' lang='grc' dir='ltr'>τῆς</span> <span class='ocrx_word' id='word_1_244' title='bbox 755 3362 903 3441; x_wconf 74' lang='grc' dir='ltr'><strong>ψυχῆς-.</strong></span> 
     </span>
     <span class='ocr_line' id='line_1_31' title="bbox 128 3454 1099 3543; baseline -0.009 -21"><span class='ocrx_word' id='word_1_245' title='bbox 128 3478 148 3543; x_wconf 75' lang='lat'>‚³⁰</span> <span class='ocrx_word' id='word_1_246' title='bbox 162 3460 234 3522; x_wconf 87' lang='lat'>126.</span> <span class='ocrx_word' id='word_1_247' title='bbox 249 3459 293 3522; x_wconf 88' lang='lat' dir='ltr'>A.</span> <span class='ocrx_word' id='word_1_248' title='bbox 315 3461 379 3521; x_wconf 79' lang='grc' dir='ltr'>Οὐκ</span> <span class='ocrx_word' id='word_1_249' title='bbox 398 3456 456 3520; x_wconf 69' lang='lat' dir='ltr'>olda</span> <span class='ocrx_word' id='word_1_250' title='bbox 475 3459 502 3519; x_wconf 80' lang='lat' dir='ltr'>di</span> <span class='ocrx_word' id='word_1_251' title='bbox 522 3454 610 3519; x_wconf 80' lang='grc' dir='ltr'>όντννα</span> <span class='ocrx_word' id='word_1_252' title='bbox 631 3457 907 3543; x_wconf 70' lang='grc' dir='ltr'>τρότον-μιθατοῖς</span> <span class='ocrx_word' id='word_1_253' title='bbox 926 3459 954 3522; x_wconf 74' lang='lat' dir='ltr'>u</span> <span class='ocrx_word' id='word_1_254' title='bbox 974 3459 1021 3540; x_wconf 68' lang='lat' dir='ltr'>xo)</span> <span class='ocrx_word' id='word_1_255' title='bbox 1037 3459 1099 3525; x_wconf 72' lang='grc' dir='ltr'>δού-</span> 
     </span>
     <span class='ocr_line' id='line_1_32' title="bbox 128 3556 1100 3648; baseline 0.002 -23"><span class='ocrx_word' id='word_1_256' title='bbox 128 3559 365 3648; x_wconf 68' lang='grc' dir='ltr'>εσροῑόμεθα-]</span> <span class='ocrx_word' id='word_1_257' title='bbox 397 3561 502 3622; x_wconf 85' lang='lat' dir='ltr'>Locus</span> <span class='ocrx_word' id='word_1_258' title='bbox 525 3558 672 3622; x_wconf 81' lang='lat' dir='ltr'>turbatus</span> <span class='ocrx_word' id='word_1_259' title='bbox 693 3556 814 3642; x_wconf 87' lang='lat' dir='ltr'>duplici</span> <span class='ocrx_word' id='word_1_260' title='bbox 836 3557 981 3625; x_wconf 73' lang='lat' dir='ltr'>leelionis</span> <span class='ocrx_word' id='word_1_261' title='bbox 1000 3562 1100 3627; x_wconf 83' lang='lat' dir='ltr'>varie·</span> 
     </span>
     <span class='ocr_line' id='line_1_33' title="bbox 128 3657 1100 3747; baseline 0.001 -21"><span class='ocrx_word' id='word_1_262' title='bbox 128 3682 150 3726; x_wconf 83' lang='lat' dir='ltr'>e.</span> <span class='ocrx_word' id='word_1_263' title='bbox 185 3660 306 3725; x_wconf 87' lang='lat' dir='ltr'>Deleto</span> <span class='ocrx_word' id='word_1_264' title='bbox 325 3661 352 3721; x_wconf 81' lang='lat' dir='ltr'>u</span> <span class='ocrx_word' id='word_1_265' title='bbox 374 3658 421 3723; x_wconf 85' lang='lat' dir='ltr'>vel</span> <span class='ocrx_word' id='word_1_266' title='bbox 440 3660 555 3743; x_wconf 85' lang='lat' dir='ltr'>priore,</span> <span class='ocrx_word' id='word_1_267' title='bbox 575 3657 625 3722; x_wconf 80' lang='lat' dir='ltr'>vel</span> <span class='ocrx_word' id='word_1_268' title='bbox 645 3658 825 3744; x_wconf 84' lang='lat' dir='ltr'>posteriore,</span> <span class='ocrx_word' id='word_1_269' title='bbox 847 3659 1032 3747; x_wconf 83' lang='lat' dir='ltr'>legendum,</span> <span class='ocrx_word' id='word_1_270' title='bbox 1052 3660 1100 3727; x_wconf 88' lang='lat' dir='ltr'>vel</span> 
     </span>
     <span class='ocr_line' id='line_1_34' title="bbox 128 3757 1100 3846; baseline -0.001 -21"><span class='ocrx_word' id='word_1_271' title='bbox 128 3758 228 3826; x_wconf 64' lang='lat' dir='ltr'>lenda</span> <span class='ocrx_word' id='word_1_272' title='bbox 250 3761 311 3824; x_wconf 81' lang='lat' dir='ltr'>hec</span> <span class='ocrx_word' id='word_1_273' title='bbox 333 3759 488 3823; x_wconf 84' lang='lat' dir='ltr'>sententia</span> <span class='ocrx_word' id='word_1_274' title='bbox 503 3779 578 3822; x_wconf 90' lang='lat' dir='ltr'>cum</span> <span class='ocrx_word' id='word_1_275' title='bbox 600 3757 820 3837; x_wconf 85' lang='lat' dir='ltr'>antecedente,</span> <span class='ocrx_word' id='word_1_276' title='bbox 838 3762 870 3823; x_wconf 81' lang='grc' dir='ltr'>τὸ</span> <span class='ocrx_word' id='word_1_277' title='bbox 884 3760 1027 3846; x_wconf 77' lang='grc' dir='ltr'>τομρόρον·</span> <span class='ocrx_word' id='word_1_278' title='bbox 1052 3765 1100 3824; x_wconf 79' lang='grc' dir='ltr'>οὐκ</span> 
     </span>
     <span class='ocr_line' id='line_1_35' title="bbox 128 3858 1088 3947; baseline 0 -24"><span class='ocrx_word' id='word_1_279' title='bbox 128 3888 132 3923; x_wconf 73' lang='grc' dir='ltr'>ι</span> <span class='ocrx_word' id='word_1_280' title='bbox 149 3859 240 3926; x_wconf 74' lang='grc' dir='ltr'>ὅντινα</span> <span class='ocrx_word' id='word_1_281' title='bbox 260 3860 357 3947; x_wconf 69' lang='grc' dir='ltr'>τρόπον</span> <span class='ocrx_word' id='word_1_282' title='bbox 378 3858 714 3946; x_wconf 51' lang='grc' dir='ltr'>ἡμῶν-τρωτμίνωμι</span> <span class='ocrx_word' id='word_1_283' title='bbox 737 3859 787 3923; x_wconf 87' lang='lat' dir='ltr'>vel</span> <span class='ocrx_word' id='word_1_284' title='bbox 803 3860 1025 3947; x_wconf 75' lang='lat' dir='ltr'>disjungenda,</span> <span class='ocrx_word' id='word_1_285' title='bbox 1048 3860 1088 3924; x_wconf 82' lang='lat' dir='ltr'>fic</span> 
     </span>
     <span class='ocr_line' id='line_1_36' title="bbox 128 3958 1102 4048; baseline -0.001 -23"><span class='ocrx_word' id='word_1_286' title='bbox 128 3960 262 4048; x_wconf 77' lang='grc' dir='ltr'>ομφόρον.</span> <span class='ocrx_word' id='word_1_287' title='bbox 293 3963 357 4023; x_wconf 80' lang='grc' dir='ltr'>Οὔκ</span> <span class='ocrx_word' id='word_1_288' title='bbox 372 3958 430 4021; x_wconf 68' lang='grc' dir='ltr'>οἶδα</span> <span class='ocrx_word' id='word_1_289' title='bbox 444 3961 471 4021; x_wconf 71' lang='grc' dir='ltr'>δὲ</span> <span class='ocrx_word' id='word_1_290' title='bbox 485 3958 574 4022; x_wconf 66' lang='lat' dir='ltr'>enea</span> <span class='ocrx_word' id='word_1_291' title='bbox 586 3959 682 4045; x_wconf 81' lang='grc' dir='ltr'>τρότον</span> <span class='ocrx_word' id='word_1_292' title='bbox 695 3961 985 4046; x_wconf 58' lang='grc' dir='ltr'>ἡμῶν-μιθατοῖςνῇ</span> <span class='ocrx_word' id='word_1_293' title='bbox 1000 3959 1102 4036; x_wconf 75' lang='grc' dir='ltr'>δούλοις</span> 
     </span>
     <span class='ocr_line' id='line_1_37' title="bbox 128 4058 1100 4149; baseline -0.002 -21"><span class='ocrx_word' id='word_1_294' title='bbox 128 4058 239 4146; x_wconf 69' lang='grc' dir='ltr'>ῖόμνθα.</span> <span class='ocrx_word' id='word_1_295' title='bbox 277 4062 329 4126; x_wconf 89' lang='lat' dir='ltr'>De</span> <span class='ocrx_word' id='word_1_296' title='bbox 354 4059 418 4124; x_wconf 88' lang='lat' dir='ltr'>hoo</span> <span class='ocrx_word' id='word_1_297' title='bbox 443 4062 501 4125; x_wconf 89' lang='lat' dir='ltr'>usu</span> <span class='ocrx_word' id='word_1_298' title='bbox 524 4061 664 4125; x_wconf 85' lang='lat' dir='ltr'>Genitivi</span> <span class='ocrx_word' id='word_1_299' title='bbox 688 4061 836 4127; x_wconf 86' lang='lat' dir='ltr'>Absoluti</span> <span class='ocrx_word' id='word_1_300' title='bbox 859 4060 1044 4127; x_wconf 81' lang='lat' dir='ltr'>monuimus</span> <span class='ocrx_word' id='word_1_301' title='bbox 1065 4084 1100 4149; x_wconf 94' lang='lat' dir='ltr'>p.</span> 
     </span>
     <span class='ocr_line' id='line_1_38' title="bbox 130 4264 1100 4353; baseline 0.003 -23"><span class='ocrx_word' id='word_1_302' title='bbox 130 4267 186 4335; x_wconf 87' lang='grc'>26.</span> <span class='ocrx_word' id='word_1_303' title='bbox 203 4264 249 4330; x_wconf 84' lang='lat' dir='ltr'>A.</span> <span class='ocrx_word' id='word_1_304' title='bbox 274 4264 519 4351; x_wconf 76' lang='grc' dir='ltr'>Ἀρκοονλόοο-]</span> <span class='ocrx_word' id='word_1_305' title='bbox 553 4264 662 4330; x_wconf 86' lang='lat' dir='ltr'>Refert</span> <span class='ocrx_word' id='word_1_306' title='bbox 685 4264 873 4330; x_wconf 70' lang='lat' dir='ltr'>Plutarchus</span> <span class='ocrx_word' id='word_1_307' title='bbox 894 4265 1008 4353; x_wconf 76' lang='lat' dir='ltr'><strong>SymP·</strong></span> <span class='ocrx_word' id='word_1_308' title='bbox 1021 4265 1100 4333; x_wconf 89' lang='lat' dir='ltr'>Vll.</span> 
     </span>
     <span class='ocr_line' id='line_1_39' title="bbox 545 4383 639 4449; baseline 0.021 -20"><span class='ocrx_word' id='word_1_309' title='bbox 545 4383 639 4449; x_wconf 77' lang='lat'>302</span> 
     </span>
    </p>
   </div>
   <div class='ocr_carea' id='block_1_5' title="bbox 0 0 1355 4928">
    <p class='ocr_par' dir='ltr' id='par_1_5' title="bbox 0 0 1355 4928">
     <span class='ocr_line' id='line_1_40' title="bbox 0 0 1355 4928; baseline 0 0"><span class='ocrx_word' id='word_1_310' title='bbox 0 0 1355 4928; x_wconf 95' lang='lat' dir='ltr'> </span> 
     </span>
    </p>
   </div>
  </div>
 </body>
</html>
