2700 4928
317 340 820 426 ratucsmcotuuonut.
842 365 988 443 pices.
1108 371 1166 438 crs

138 522 290 612 iguificst
311 525 531 615 Hieronymus
549 528 633 593 Adv.
652 526 854 593 Joriuisnum
875 528 903 591 1.
925 547 958 613 p.
978 527 1041 612 38:
1063 527 1103 592 T.
1118 529 1164 594 11.

138 625 196 692 bd.
216 628 364 694 Francos.
388 629 572 723 Scripserunt
590 628 773 715 Aristoteles,
789 641 817 692 et
830 629 1022 709 Plutarchus,
1036 640 1064 694 st
1075 628 1168 714 noster

138 724 247 790 Saeua
260 728 298 791 de
311 729 506 794 Matrimonio
520 728 627 794 libros.-
648 753 685 793 εκ
699 730 804 817 quibus
818 741 846 793 et
852 729 1010 817 superiora
1023 729 1168 796 nonrmllc

138 826 216 904 scut,
239 837 269 891 et
289 825 345 911 ista
358 852 424 915 qua
433 829 629 913 subjicimus:
652 842 686 894 et
707 841 812 894 narrat
826 828 972 915 quaedum
987 829 1099 895 itidem
1112 830 1168 896 hic

138 924 232 992 ledia.
273 928 346 992 ruit
366 943 476 995 autem
496 931 563 1016 περὶ
584 929 668 1016 ysius
692 930 782 995 locus
804 929 837 995 in
859 929 1059 1016 philosophia
1080 930 1168 997 haud

138 1027 404 1094 contemnendus.
440 1031 483 1095 Et
496 1031 660 1119 Xenophon
672 1052 747 1095 eum
768 1029 910 1095 tractavit
923 1030 956 1095 in
970 1031 1167 1098 OEconomi·

138 1147 188 1193 co.
221 1127 266 1193 Et
284 1127 453 1214 Aristoteles
476 1131 509 1196 in
529 1131 616 1196 libris
639 1131 680 1197 de
700 1131 916 1210 OEconomia3
941 1131 1168 1220 fiquidemlhos

138 1226 236 1295 libros
254 1229 407 1316 fignificat
427 1231 645 1321 Hieronymus
670 1232 742 1298 loco
763 1232 861 1313 diuo,
885 1246 919 1299 et
943 1233 1046 1320 ipsum
1067 1254 1167 1320 argu-

138 1347 285 1397 mentum
307 1333 390 1400 hanc
416 1348 538 1421 partem
558 1334 735 1422 postulabat
745 1359 756 1413 3
780 1348 817 1400 ut
839 1333 1023 1400 leonardus
1040 1335 1167 1402 Arreti·

138 1458 210 1516 uus,
230 1437 360 1502 illorum
376 1437 530 1503 librorum
545 1438 677 1502 latinus
697 1438 862 1524 interpres,
877 1435 1062 1523 adjiciendis
1075 1436 1166 1525 capi·

138 1538 225 1603 tibus
243 1539 281 1601 dc
300 1538 391 1625 officia
406 1540 507 1603 mariti
528 1552 556 1603 et
575 1541 685 1618 uxoris,
704 1539 790 1604 haud
809 1553 927 1604 temere
946 1538 1166 1606 austoritatem
1260 1570 1267 1587 ¹

138 1638 188 1704 rel
201 1638 322 1705 codicis
333 1641 451 1718 Graeci‚
467 1640 516 1704 vel
529 1641 669 1727 antiquae
684 1639 862 1711 traditionis
875 1639 1000 1705 secutus
1014 1637 1167 1706 videatur.

138 1738 342 1828 Theophrasti,
356 1739 462 1805 scribit
478 1741 695 1828 Hieronymus
708 1740 793 1805 Adv.
804 1739 1005 1807 Jovinianum
1021 1739 1049 1802 1.
1068 1759 1102 1824 p.
1112 1741 1167 1825 36.

139 1839 184 1905 H.
194 1839 306 1927 fertur
319 1842 453 1906 aureolus
467 1841 541 1905 liber
554 1843 591 1905 de
603 1843 725 1929 nuptiis,
744 1842 776 1904 in
794 1864 850 1929 quo
864 1839 974 1927 putarit
987 1862 1028 1901 an
1045 1839 1098 1904 vir
1107 1842 1168 1927 sa-

138 1939 219 2028 pion
244 1942 337 2007 ducat
362 1965 497 2022 uxorem3
527 1943 665 2029 indeque
688 1940 923 2028 elegantissimo
948 1938 1169 2025 disputationis

141 2037 225 2106 hlud
238 2041 388 2130 exiguam
407 2056 529 2128 partem
545 2042 659 2107 Latine
673 2045 790 2107 vertum
804 2041 952 2127 apponit:
976 2055 1073 2126 atque
1086 2041 1168 2108 veri.

141 2139 235 2207 imile
256 2143 302 2207 est
324 2165 363 2207 ex
383 2142 446 2208 boc
465 2143 546 2209 libro
563 2144 663 2229 petita
676 2143 737 2207 esse
756 2142 842 2208 uitta
858 2141 1065 2226 Theophrasti
1080 2142 1169 2228 apud

143 2242 304 2309 Smbeum
334 2265 368 2330 p.
387 2262 463 2325 441.
488 2258 521 2309 et
543 2246 619 2330 483.
644 2242 730 2330 quod
752 2242 880 2308 monuit
903 2242 982 2307 item
1006 2242 1170 2310 Fabricius

142 2341 224 2409 sibl.
239 2346 300 2410 Gr.
316 2343 393 2410 Vol.
410 2346 453 2407 11.
468 2367 501 2430 p.
519 2347 592 2425 246.
626 2345 662 2408 In
677 2345 789 2409 eodem
806 2357 996 2432 argumento
1009 2343 1171 2410 versantur

143 2444 260 2510 Stoboei
282 2444 464 2530 complures
484 2444 584 2510 'lituli
598 2447 700 2511 LXV.
717 2446 814 2532 usque
834 2444 876 2509 ad
898 2445 1062 2510 LXXIV:
1085 2468 1168 2533 quo-

142 2566 212 2609 rum
234 2546 340 2610 LXX.
364 2545 427 2611 hoc
450 2546 518 2631 ipso
543 2545 819 2629 nomine,1'uprxd
839 2543 1098 2633 Παραγγέλματα,
1116 2546 1168 2611 in·

142 2645 277 2732 scriptus
290 2646 344 2725 est,
359 2659 391 2709 et
407 2645 523 2709 multas
539 2645 636 2709 habet
651 2646 810 2711 Plutarchi
832 2668 872 2710 ex
893 2645 956 2709 boc
977 2644 1084 2710 libello
1097 2648 1169 2712 sen·
1247 2690 1249 2694 -

143 2746 280 2811 tentius:
303 2746 472 2810 nonnullas
493 2747 589 2810 etiam
612 2747 709 2810 habet
728 2747 855 2811 'situlus
868 2745 1057 2809 LXXXIII.
1079 2749 1168 2810 Olus·

143 2848 261 2929 νομικὸς,
274 2846 367 2934 cujus
380 2860 604 2933 argumentum
624 2869 658 2911 re
677 2847 741 2932 ipsa
758 2859 792 2910 et
811 2867 929 2932 genere
946 2866 1020 2908 cum
1034 2848 1169 2928 Γαμαοῑς

144 2945 382 3035 Παραγγέλμασι
404 2947 689 3034 conjundiiffimum
703 2947 756 3011 est.
792 2946 854 3010 His
868 2945 966 3031 igitur
978 2946 1097 3012 stoboei
1111 2946 1168 3013 ‘li-

144 3047 218 3112 tulis
241 3070 307 3112 non
327 3048 428 3112 solum
446 3049 555 3113 breves
573 3061 606 3112 et
628 3047 759 3112 illustres
781 3046 900 3112 exstant
920 3045 1096 3126 sententiis,
1117 3047 1170 3114 sed

144 3147 240 3212 edam
270 3149 431 3213 uberiores
455 3148 684 3234 disputationes
710 3148 759 3212 vel
779 3145 1029 3232 disputationum
1051 3159 1169 3234 partes,

143 3249 238 3335 plane
253 3249 404 3338 egregiae,
419 3250 517 3315 veluti
537 3250 706 3338 Antipatri,
728 3248 886 3328 Hieroclis,
904 3248 1073 3334 Nicostrati,
1091 3249 1170 3314 Mu·

138 3350 228 3435 soni,
244 3350 363 3426 Dionis,
377 3350 513 3432 Phintyis
526 3364 559 3415 et
575 3350 761 3427 Perictionae,
776 3348 1069 3436 Pythagoricamm,
1081 3349 1172 3414 Jam-

145 3449 255 3514 blr'cln'r
277 3448 370 3536 cujus
389 3449 432 3514 est
453 3449 531 3514 item
553 3449 585 3513 in
608 3450 685 3514 Vita
709 3448 897 3537 Pytlragorae
918 3448 950 3530 ἕ.
964 3449 1103 3536 48-59.
1118 3448 1170 3515 lu·

145 3551 294 3618 culentus
307 3573 346 3615 ex
360 3550 511 3637 Antiquis
524 3551 807 3637 excerptuslloous.

186 3676 222 3742 p.
235 3655 307 3740 138.
319 3656 358 3718 B.
379 3657 468 3718 —rir
482 3655 595 3742 scirpos
608 3655 723 3737 θεσμὸν,
737 3652 765 3717 ir
779 3656 841 3736 ὑμῖν
853 3659 869 3730 ἡ
882 3658 929 3729 τῆς
944 3652 1079 3742 Δῆμηῑςος
1093 3652 1174 3741 lipsio

143 3752 371 3842 πνιργωμὶνοις
393 3755 552 3841 Ιφῆρμοσιν]
576 3752 685 3840 Hujus
699 3752 778 3817 ritus
792 3774 857 3816 non
871 3751 943 3816 satis
957 3752 1116 3839 explorata
1130 3751 1174 3815 est

143 3855 238 3921 rstio.
284 3854 441 3919 Convenit
453 3855 583 3942 quidem
596 3856 699 3938 θεσμὸς
715 3852 835 3934 Cereri,
853 3867 891 3918 ut
904 3851 1076 3939 θισμοφέρφ,
1095 3851 1173 3938 legi·

138 3955 243 4042 ferar
272 3954 327 4020 sed
346 3955 495 4020 convenit
516 3976 643 4042 qnoque
665 3954 732 4019 aliis
753 3967 788 4019 et
808 3953 992 4022 numinibus
1013 3965 1048 4016 et
1067 3951 1173 4018 rebus.

142 4056 257 4136 Porro,
282 4076 342 4120 nec
364 4057 514 4122 Cererem
536 4056 718 4142 nuptiarum
740 4054 914 4143 paidom,
928 4074 988 4119 nec
1005 4051 1074 4139 ejus
1088 4052 1173 4118 anti·

139 4158 249 4227 stitam
264 4158 390 4223 illarum
406 4159 499 4223 sacris
513 4174 569 4222 aut
582 4157 737 4245 praesuisse
747 4170 804 4222 aut
816 4155 989 4221 adhibitam
1003 4153 1092 4220 suiffe
1105 4167 1174 4222 tra·

142 4259 253 4326 ditum
276 4257 433 4326 novimus.
468 4261 550 4326 Haec
575 4260 619 4326 est
643 4257 759 4346 triplex
782 4256 880 4347 hujus
906 4254 970 4324 loci
993 4255 1173 4326 difficultas.
