<?xml version="1.0" encoding="UTF-8"?>
<!DOCTYPE html PUBLIC "-//W3C//DTD XHTML 1.0 Transitional//EN"
    "http://www.w3.org/TR/xhtml1/DTD/xhtml1-transitional.dtd">
<html xmlns="http://www.w3.org/1999/xhtml" xml:lang="en" lang="en">
 <head>
  <title>
</title>
<meta http-equiv="Content-Type" content="text/html;charset=utf-8" />
  <meta name='ocr-system' content='tesseract 3.04.00' />
  <meta name='ocr-capabilities' content='ocr_page ocr_carea ocr_par ocr_line ocrx_word'/>
</head>
<body>
  <div class='ocr_page' id='page_1' title='image "./plutarchichaero28plutgoog_0457.png"; bbox 0 0 2700 4928; ppageno 0'>
   <div class='ocr_carea' id='block_1_1' title="bbox 262 365 1122 446">
    <p class='ocr_par' dir='ltr' id='par_1_1' title="bbox 262 365 1122 446">
     <span class='ocr_line' id='line_1_1' title="bbox 262 365 1122 446; baseline 0 -22"><span class='ocrx_word' id='word_1_1' title='bbox 262 365 915 446; x_wconf 72' lang='lat' dir='ltr'>umrurn.nsc.a‘ruuc.p.172·.s.</span> <span class='ocrx_word' id='word_1_2' title='bbox 1028 377 1122 442; x_wconf 66' lang='lat' dir='ltr'>iuer,</span> 
     </span>
    </p>
   </div>
   <div class='ocr_carea' id='block_1_2' title="bbox 20 527 1195 4459">
    <p class='ocr_par' dir='ltr' id='par_1_2' title="bbox 20 527 1195 4459">
     <span class='ocr_line' id='line_1_2' title="bbox 34 527 1105 616; baseline 0.008 -30"><span class='ocrx_word' id='word_1_3' title='bbox 34 539 37 543; x_wconf 77' lang='grc'><em>“</em></span> <span class='ocrx_word' id='word_1_4' title='bbox 69 538 266 605; x_wconf 81' lang='lat' dir='ltr'>memorata,</span> <span class='ocrx_word' id='word_1_5' title='bbox 282 527 312 592; x_wconf 94' lang='lat' dir='ltr'>in</span> <span class='ocrx_word' id='word_1_6' title='bbox 328 527 379 592; x_wconf 86' lang='lat' dir='ltr'>his</span> <span class='ocrx_word' id='word_1_7' title='bbox 397 530 518 607; x_wconf 87' lang='lat' dir='ltr'>omissa,</span> <span class='ocrx_word' id='word_1_8' title='bbox 534 529 715 616; x_wconf 80' lang='lat' dir='ltr'>complures</span> <span class='ocrx_word' id='word_1_9' title='bbox 734 529 853 594; x_wconf 90' lang='lat' dir='ltr'>ducum</span> <span class='ocrx_word' id='word_1_10' title='bbox 869 528 962 593; x_wconf 85' lang='lat' dir='ltr'>Vitas</span> <span class='ocrx_word' id='word_1_11' title='bbox 979 529 1105 595; x_wconf 78' lang='lat' dir='ltr'>senten·</span> 
     </span>
     <span class='ocr_line' id='line_1_3' title="bbox 20 623 1105 716; baseline 0.007 -28"><span class='ocrx_word' id='word_1_12' title='bbox 20 640 23 645; x_wconf 87' lang='grc'><em>·</em></span> <span class='ocrx_word' id='word_1_13' title='bbox 71 623 195 712; x_wconf 86' lang='lat' dir='ltr'>tiasque</span> <span class='ocrx_word' id='word_1_14' title='bbox 211 626 244 691; x_wconf 90' lang='lat' dir='ltr'>iu</span> <span class='ocrx_word' id='word_1_15' title='bbox 265 628 305 692; x_wconf 87' lang='lat' dir='ltr'>iis</span> <span class='ocrx_word' id='word_1_16' title='bbox 326 630 478 715; x_wconf 84' lang='lat' dir='ltr'>proditas,</span> <span class='ocrx_word' id='word_1_17' title='bbox 498 631 532 694; x_wconf 92' lang='lat' dir='ltr'>in</span> <span class='ocrx_word' id='word_1_18' title='bbox 554 630 604 694; x_wconf 88' lang='lat' dir='ltr'>his</span> <span class='ocrx_word' id='word_1_19' title='bbox 626 631 801 716; x_wconf 70' lang='lat' dir='ltr'>praeteritas</span> <span class='ocrx_word' id='word_1_20' title='bbox 816 629 1036 716; x_wconf 69' lang='lat' dir='ltr'>neglefiasque</span> <span class='ocrx_word' id='word_1_21' title='bbox 1050 652 1105 696; x_wconf 82' lang='lat' dir='ltr'>co·</span> 
     </span>
     <span class='ocr_line' id='line_1_4' title="bbox 71 728 1105 818; baseline 0.006 -27"><span class='ocrx_word' id='word_1_22' title='bbox 71 728 258 812; x_wconf 85' lang='lat' dir='ltr'>guovimus.</span> <span class='ocrx_word' id='word_1_23' title='bbox 299 731 395 796; x_wconf 85' lang='lat' dir='ltr'>Porro</span> <span class='ocrx_word' id='word_1_24' title='bbox 419 755 484 797; x_wconf 91' lang='lat' dir='ltr'>nou</span> <span class='ocrx_word' id='word_1_25' title='bbox 507 731 586 796; x_wconf 90' lang='lat' dir='ltr'>illud</span> <span class='ocrx_word' id='word_1_26' title='bbox 608 730 738 809; x_wconf 87' lang='lat' dir='ltr'>fecisset,</span> <span class='ocrx_word' id='word_1_27' title='bbox 758 731 844 818; x_wconf 91' lang='lat' dir='ltr'>quod</span> <span class='ocrx_word' id='word_1_28' title='bbox 867 729 1035 818; x_wconf 77' lang='lat' dir='ltr'>aliquoties</span> <span class='ocrx_word' id='word_1_29' title='bbox 1055 733 1105 797; x_wconf 75' lang='lat' dir='ltr'>sa·</span> 
     </span>
     <span class='ocr_line' id='line_1_5' title="bbox 70 828 1105 920; baseline 0.007 -29"><span class='ocrx_word' id='word_1_30' title='bbox 70 828 162 892; x_wconf 72' lang='lat' dir='ltr'>sium</span> <span class='ocrx_word' id='word_1_31' title='bbox 179 830 472 911; x_wconf 80' lang='lat' dir='ltr'>animadvertimus,</span> <span class='ocrx_word' id='word_1_32' title='bbox 488 847 525 897; x_wconf 93' lang='lat' dir='ltr'>ut</span> <span class='ocrx_word' id='word_1_33' title='bbox 540 854 589 897; x_wconf 89' lang='lat' dir='ltr'>res</span> <span class='ocrx_word' id='word_1_34' title='bbox 604 855 682 919; x_wconf 83' lang='lat' dir='ltr'>quas</span> <span class='ocrx_word' id='word_1_35' title='bbox 695 833 763 897; x_wconf 89' lang='lat' dir='ltr'>aliis</span> <span class='ocrx_word' id='word_1_36' title='bbox 786 833 816 896; x_wconf 91' lang='lat' dir='ltr'>in</span> <span class='ocrx_word' id='word_1_37' title='bbox 840 833 927 897; x_wconf 84' lang='lat' dir='ltr'>libris</span> <span class='ocrx_word' id='word_1_38' title='bbox 942 849 1105 920; x_wconf 85' lang='lat' dir='ltr'>tamquam</span> 
     </span>
     <span class='ocr_line' id='line_1_6' title="bbox 71 929 1107 1021; baseline 0.008 -27"><span class='ocrx_word' id='word_1_39' title='bbox 71 929 204 995; x_wconf 79' lang='lat' dir='ltr'>solerter</span> <span class='ocrx_word' id='word_1_40' title='bbox 216 932 301 997; x_wconf 70' lang='lat' dir='ltr'>latta</span> <span class='ocrx_word' id='word_1_41' title='bbox 313 948 502 1013; x_wconf 81' lang='lat' dir='ltr'>narraverat,</span> <span class='ocrx_word' id='word_1_42' title='bbox 518 934 567 998; x_wconf 87' lang='lat' dir='ltr'>his</span> <span class='ocrx_word' id='word_1_43' title='bbox 583 934 717 999; x_wconf 87' lang='lat' dir='ltr'>inlibris</span> <span class='ocrx_word' id='word_1_44' title='bbox 733 949 896 1021; x_wconf 89' lang='lat' dir='ltr'>tamquam</span> <span class='ocrx_word' id='word_1_45' title='bbox 913 949 1008 1000; x_wconf 88' lang='lat' dir='ltr'>acute</span> <span class='ocrx_word' id='word_1_46' title='bbox 1021 936 1107 1003; x_wconf 72' lang='lat' dir='ltr'>disis</span> 
     </span>
     <span class='ocr_line' id='line_1_7' title="bbox 72 1030 1105 1122; baseline 0.008 -29"><span class='ocrx_word' id='word_1_47' title='bbox 72 1030 218 1107; x_wconf 79' lang='lat' dir='ltr'>referret,</span> <span class='ocrx_word' id='word_1_48' title='bbox 239 1046 336 1119; x_wconf 85' lang='lat' dir='ltr'>atque</span> <span class='ocrx_word' id='word_1_49' title='bbox 356 1034 402 1098; x_wconf 91' lang='lat' dir='ltr'>ita</span> <span class='ocrx_word' id='word_1_50' title='bbox 423 1035 657 1121; x_wconf 81' lang='lat' dir='ltr'>strategemata</span> <span class='ocrx_word' id='word_1_51' title='bbox 681 1049 715 1099; x_wconf 91' lang='lat' dir='ltr'>et</span> <span class='ocrx_word' id='word_1_52' title='bbox 738 1037 931 1118; x_wconf 65' lang='lat' dir='ltr'>essesfacile</span> <span class='ocrx_word' id='word_1_53' title='bbox 955 1034 987 1099; x_wconf 90' lang='lat' dir='ltr'>in</span> <span class='ocrx_word' id='word_1_54' title='bbox 1011 1037 1105 1122; x_wconf 80' lang='lat' dir='ltr'>Apo·</span> 
     </span>
     <span class='ocr_line' id='line_1_8' title="bbox 71 1129 1105 1220; baseline 0.008 -27"><span class='ocrx_word' id='word_1_55' title='bbox 71 1129 322 1216; x_wconf 88' lang='lat' dir='ltr'>phthegmatum</span> <span class='ocrx_word' id='word_1_56' title='bbox 337 1134 471 1220; x_wconf 91' lang='lat' dir='ltr'>speciem</span> <span class='ocrx_word' id='word_1_57' title='bbox 491 1136 742 1200; x_wconf 79' lang='lat' dir='ltr'>transformaret.</span> <span class='ocrx_word' id='word_1_58' title='bbox 779 1136 906 1200; x_wconf 86' lang='lat' dir='ltr'>Deinde</span> <span class='ocrx_word' id='word_1_59' title='bbox 927 1135 960 1200; x_wconf 91' lang='lat' dir='ltr'>iu</span> <span class='ocrx_word' id='word_1_60' title='bbox 982 1136 1105 1201; x_wconf 87' lang='lat' dir='ltr'>ratione</span> 
     </span>
     <span class='ocr_line' id='line_1_9' title="bbox 71 1229 1104 1324; baseline 0.009 -31"><span class='ocrx_word' id='word_1_61' title='bbox 71 1229 165 1295; x_wconf 90' lang='lat' dir='ltr'>suum</span> <span class='ocrx_word' id='word_1_62' title='bbox 179 1232 244 1317; x_wconf 90' lang='lat' dir='ltr'>ipse</span> <span class='ocrx_word' id='word_1_63' title='bbox 259 1255 382 1298; x_wconf 89' lang='lat' dir='ltr'>morem</span> <span class='ocrx_word' id='word_1_64' title='bbox 394 1235 589 1314; x_wconf 83' lang='lat' dir='ltr'>obtinuisset,</span> <span class='ocrx_word' id='word_1_65' title='bbox 603 1235 723 1322; x_wconf 90' lang='lat' dir='ltr'>aliquid</span> <span class='ocrx_word' id='word_1_66' title='bbox 737 1237 777 1301; x_wconf 89' lang='lat' dir='ltr'>de</span> <span class='ocrx_word' id='word_1_67' title='bbox 791 1237 934 1302; x_wconf 87' lang='lat' dir='ltr'>moribus</span> <span class='ocrx_word' id='word_1_68' title='bbox 954 1234 1104 1324; x_wconf 61' lang='lat' dir='ltr'>ingeniis⁴</span> 
     </span>
     <span class='ocr_line' id='line_1_10' title="bbox 69 1332 1106 1425; baseline 0.008 -30"><span class='ocrx_word' id='word_1_69' title='bbox 69 1351 136 1416; x_wconf 89' lang='lat' dir='ltr'>que</span> <span class='ocrx_word' id='word_1_70' title='bbox 148 1332 385 1414; x_wconf 87' lang='lat' dir='ltr'>observationis,</span> <span class='ocrx_word' id='word_1_71' title='bbox 401 1336 552 1422; x_wconf 89' lang='lat' dir='ltr'>aliquide</span> <span class='ocrx_word' id='word_1_72' title='bbox 567 1337 767 1423; x_wconf 78' lang='lat' dir='ltr'>philosophia</span> <span class='ocrx_word' id='word_1_73' title='bbox 778 1337 908 1425; x_wconf 89' lang='lat' dir='ltr'>judicii,</span> <span class='ocrx_word' id='word_1_74' title='bbox 922 1360 962 1403; x_wconf 84' lang='lat' dir='ltr'>ex</span> <span class='ocrx_word' id='word_1_75' title='bbox 977 1337 1106 1403; x_wconf 78' lang='lat' dir='ltr'>historia</span> 
     </span>
     <span class='ocr_line' id='line_1_11' title="bbox 67 1431 1105 1525; baseline 0.009 -28"><span class='ocrx_word' id='word_1_76' title='bbox 67 1431 216 1513; x_wconf 79' lang='lat' dir='ltr'>lvmriuis,</span> <span class='ocrx_word' id='word_1_77' title='bbox 230 1437 417 1503; x_wconf 78' lang='lat' dir='ltr'>addidisset:</span> <span class='ocrx_word' id='word_1_78' title='bbox 441 1461 512 1525; x_wconf 84' lang='lat' dir='ltr'>quae</span> <span class='ocrx_word' id='word_1_79' title='bbox 529 1461 615 1504; x_wconf 90' lang='lat' dir='ltr'>nunc</span> <span class='ocrx_word' id='word_1_80' title='bbox 631 1439 695 1504; x_wconf 88' lang='lat' dir='ltr'>fere</span> <span class='ocrx_word' id='word_1_81' title='bbox 711 1439 934 1504; x_wconf 76' lang='lat' dir='ltr'>desideramus.</span> <span class='ocrx_word' id='word_1_82' title='bbox 971 1439 1035 1504; x_wconf 88' lang='lat' dir='ltr'>Scd</span> <span class='ocrx_word' id='word_1_83' title='bbox 1053 1441 1105 1506; x_wconf 87' lang='lat' dir='ltr'>sac</span> 
     </span>
     <span class='ocr_line' id='line_1_12' title="bbox 72 1534 1104 1627; baseline 0.008 -28"><span class='ocrx_word' id='word_1_84' title='bbox 72 1534 281 1601; x_wconf 79' lang='lat' dir='ltr'>Plutarchum</span> <span class='ocrx_word' id='word_1_85' title='bbox 301 1540 446 1604; x_wconf 88' lang='lat' dir='ltr'>brevitati</span> <span class='ocrx_word' id='word_1_86' title='bbox 467 1540 631 1605; x_wconf 85' lang='lat' dir='ltr'>studuisse:</span> <span class='ocrx_word' id='word_1_87' title='bbox 660 1563 756 1627; x_wconf 90' lang='lat' dir='ltr'>quam</span> <span class='ocrx_word' id='word_1_88' title='bbox 776 1539 891 1605; x_wconf 88' lang='lat' dir='ltr'>deinde</span> <span class='ocrx_word' id='word_1_89' title='bbox 912 1541 1104 1627; x_wconf 84' lang='lat' dir='ltr'>compilato·</span> 
     </span>
     <span class='ocr_line' id='line_1_13' title="bbox 70 1638 1105 1729; baseline 0.01 -29"><span class='ocrx_word' id='word_1_90' title='bbox 70 1658 122 1700; x_wconf 81' lang='lat' dir='ltr'>res</span> <span class='ocrx_word' id='word_1_91' title='bbox 140 1658 179 1701; x_wconf 85' lang='lat' dir='ltr'>ac</span> <span class='ocrx_word' id='word_1_92' title='bbox 198 1638 405 1726; x_wconf 87' lang='lat' dir='ltr'>descriptores</span> <span class='ocrx_word' id='word_1_93' title='bbox 427 1642 469 1707; x_wconf 91' lang='lat' dir='ltr'>ad</span> <span class='ocrx_word' id='word_1_94' title='bbox 490 1642 572 1707; x_wconf 90' lang='lat' dir='ltr'>hanc</span> <span class='ocrx_word' id='word_1_95' title='bbox 591 1643 781 1707; x_wconf 84' lang='lat' dir='ltr'>tenuitatem</span> <span class='ocrx_word' id='word_1_96' title='bbox 797 1641 969 1729; x_wconf 82' lang='lat' dir='ltr'>redegisse3</span> <span class='ocrx_word' id='word_1_97' title='bbox 993 1642 1105 1711; x_wconf 83' lang='lat' dir='ltr'>namfi</span> 
     </span>
     <span class='ocr_line' id='line_1_14' title="bbox 70 1737 1103 1829; baseline 0.006 -28"><span class='ocrx_word' id='word_1_98' title='bbox 70 1737 151 1823; x_wconf 89' lang='lat' dir='ltr'>quid</span> <span class='ocrx_word' id='word_1_99' title='bbox 172 1741 358 1806; x_wconf 83' lang='lat' dir='ltr'>mutationis</span> <span class='ocrx_word' id='word_1_100' title='bbox 380 1743 474 1807; x_wconf 87' lang='lat' dir='ltr'>subiit</span> <span class='ocrx_word' id='word_1_101' title='bbox 497 1743 549 1808; x_wconf 90' lang='lat' dir='ltr'>hic</span> <span class='ocrx_word' id='word_1_102' title='bbox 571 1744 662 1819; x_wconf 92' lang='lat' dir='ltr'>liber,</span> <span class='ocrx_word' id='word_1_103' title='bbox 683 1743 786 1829; x_wconf 88' lang='lat' dir='ltr'>magis</span> <span class='ocrx_word' id='word_1_104' title='bbox 804 1744 866 1807; x_wconf 92' lang='lat' dir='ltr'>hoc</span> <span class='ocrx_word' id='word_1_105' title='bbox 883 1743 945 1807; x_wconf 92' lang='lat' dir='ltr'>fuit</span> <span class='ocrx_word' id='word_1_106' title='bbox 959 1742 991 1806; x_wconf 92' lang='lat' dir='ltr'>in</span> <span class='ocrx_word' id='word_1_107' title='bbox 1006 1740 1103 1807; x_wconf 89' lang='lat' dir='ltr'>dimi·</span> 
     </span>
     <span class='ocr_line' id='line_1_15' title="bbox 70 1839 1104 1930; baseline 0.003 -27"><span class='ocrx_word' id='word_1_108' title='bbox 70 1839 202 1904; x_wconf 85' lang='lat' dir='ltr'>uueudo</span> <span class='ocrx_word' id='word_1_109' title='bbox 220 1863 317 1928; x_wconf 88' lang='lat' dir='ltr'>quam</span> <span class='ocrx_word' id='word_1_110' title='bbox 341 1842 373 1906; x_wconf 94' lang='lat' dir='ltr'>in</span> <span class='ocrx_word' id='word_1_111' title='bbox 396 1844 558 1930; x_wconf 89' lang='lat' dir='ltr'>augendo.</span> <span class='ocrx_word' id='word_1_112' title='bbox 596 1844 669 1908; x_wconf 90' lang='lat' dir='ltr'>Sint</span> <span class='ocrx_word' id='word_1_113' title='bbox 689 1843 791 1930; x_wconf 78' lang='lat' dir='ltr'>igitur</span> <span class='ocrx_word' id='word_1_114' title='bbox 811 1844 881 1907; x_wconf 84' lang='lat' dir='ltr'>haec</span> <span class='ocrx_word' id='word_1_115' title='bbox 895 1841 993 1906; x_wconf 90' lang='lat' dir='ltr'>veluti</span> <span class='ocrx_word' id='word_1_116' title='bbox 1013 1862 1104 1906; x_wconf 83' lang='lat' dir='ltr'>com-</span> 
     </span>
     <span class='ocr_line' id='line_1_16' title="bbox 70 1939 1105 2028; baseline 0.004 -24"><span class='ocrx_word' id='word_1_117' title='bbox 70 1939 230 2005; x_wconf 86' lang='lat' dir='ltr'>mentaria</span> <span class='ocrx_word' id='word_1_118' title='bbox 249 1956 282 2006; x_wconf 87' lang='lat' dir='ltr'>et</span> <span class='ocrx_word' id='word_1_119' title='bbox 303 1943 486 2024; x_wconf 79' lang='lat' dir='ltr'>adversaria,</span> <span class='ocrx_word' id='word_1_120' title='bbox 502 1966 541 2009; x_wconf 84' lang='lat' dir='ltr'>ex</span> <span class='ocrx_word' id='word_1_121' title='bbox 557 1942 716 2009; x_wconf 88' lang='lat' dir='ltr'>Plutarchi</span> <span class='ocrx_word' id='word_1_122' title='bbox 738 1943 827 2007; x_wconf 85' lang='lat' dir='ltr'>libris</span> <span class='ocrx_word' id='word_1_123' title='bbox 843 1943 891 2007; x_wconf 91' lang='lat' dir='ltr'>vel</span> <span class='ocrx_word' id='word_1_124' title='bbox 905 1943 947 2007; x_wconf 89' lang='lat' dir='ltr'>ab</span> <span class='ocrx_word' id='word_1_125' title='bbox 962 1942 1041 2028; x_wconf 91' lang='lat' dir='ltr'>ipso,</span> <span class='ocrx_word' id='word_1_126' title='bbox 1055 1941 1105 2008; x_wconf 85' lang='lat' dir='ltr'>vel</span> 
     </span>
     <span class='ocr_line' id='line_1_17' title="bbox 68 2041 1104 2132; baseline 0.003 -27"><span class='ocrx_word' id='word_1_127' title='bbox 68 2041 113 2105; x_wconf 86' lang='lat' dir='ltr'>ab</span> <span class='ocrx_word' id='word_1_128' title='bbox 127 2041 190 2106; x_wconf 90' lang='lat' dir='ltr'>alio</span> <span class='ocrx_word' id='word_1_129' title='bbox 204 2043 352 2109; x_wconf 71' lang='lat' dir='ltr'>colletla:</span> <span class='ocrx_word' id='word_1_130' title='bbox 371 2044 442 2109; x_wconf 91' lang='lat' dir='ltr'>sunt</span> <span class='ocrx_word' id='word_1_131' title='bbox 452 2059 539 2110; x_wconf 90' lang='lat' dir='ltr'>certe</span> <span class='ocrx_word' id='word_1_132' title='bbox 555 2044 671 2132; x_wconf 88' lang='lat' dir='ltr'>partim</span> <span class='ocrx_word' id='word_1_133' title='bbox 685 2066 724 2108; x_wconf 86' lang='lat' dir='ltr'>ex</span> <span class='ocrx_word' id='word_1_134' title='bbox 739 2043 839 2122; x_wconf 84' lang='lat' dir='ltr'>libris,</span> <span class='ocrx_word' id='word_1_135' title='bbox 853 2043 909 2129; x_wconf 93' lang='lat' dir='ltr'>qui</span> <span class='ocrx_word' id='word_1_136' title='bbox 925 2044 1104 2129; x_wconf 89' lang='lat' dir='ltr'>supersunt,</span> 
     </span>
     <span class='ocr_line' id='line_1_18' title="bbox 68 2142 1105 2231; baseline 0 -23"><span class='ocrx_word' id='word_1_137' title='bbox 68 2142 189 2226; x_wconf 75' lang='lat' dir='ltr'>partim</span> <span class='ocrx_word' id='word_1_138' title='bbox 211 2165 250 2208; x_wconf 85' lang='lat' dir='ltr'>ex</span> <span class='ocrx_word' id='word_1_139' title='bbox 272 2144 322 2224; x_wconf 86' lang='lat' dir='ltr'>iis,</span> <span class='ocrx_word' id='word_1_140' title='bbox 343 2146 397 2231; x_wconf 94' lang='lat' dir='ltr'>qui</span> <span class='ocrx_word' id='word_1_141' title='bbox 419 2146 593 2231; x_wconf 89' lang='lat' dir='ltr'>perierunt.</span> <span class='ocrx_word' id='word_1_142' title='bbox 632 2144 746 2209; x_wconf 85' lang='lat' dir='ltr'>Prioris</span> <span class='ocrx_word' id='word_1_143' title='bbox 767 2145 893 2231; x_wconf 85' lang='lat' dir='ltr'>generis</span> <span class='ocrx_word' id='word_1_144' title='bbox 914 2144 1037 2209; x_wconf 89' lang='lat' dir='ltr'>facilior</span> <span class='ocrx_word' id='word_1_145' title='bbox 1061 2143 1105 2209; x_wconf 80' lang='lat' dir='ltr'>esi</span> 
     </span>
     <span class='ocr_line' id='line_1_19' title="bbox 69 2242 1195 2333; baseline 0.009 -26"><span class='ocrx_word' id='word_1_146' title='bbox 69 2242 301 2330; x_wconf 77' lang='lat' dir='ltr'>intelligentia:</span> <span class='ocrx_word' id='word_1_147' title='bbox 333 2247 430 2311; x_wconf 87' lang='lat' dir='ltr'>veluti</span> <span class='ocrx_word' id='word_1_148' title='bbox 456 2247 488 2310; x_wconf 93' lang='lat' dir='ltr'>iu</span> <span class='ocrx_word' id='word_1_149' title='bbox 511 2245 850 2333; x_wconf 84' lang='lat' dir='ltr'>Apophthegmatibus</span> <span class='ocrx_word' id='word_1_150' title='bbox 870 2246 1103 2331; x_wconf 85' lang='lat' dir='ltr'>Themistoclis,</span> <span class='ocrx_word' id='word_1_151' title='bbox 1189 2312 1195 2317; x_wconf 92' lang='lat'>.</span> 
     </span>
     <span class='ocr_line' id='line_1_20' title="bbox 71 2344 1104 2435; baseline 0.003 -25"><span class='ocrx_word' id='word_1_152' title='bbox 71 2344 213 2424; x_wconf 84' lang='lat' dir='ltr'>Periclis,</span> <span class='ocrx_word' id='word_1_153' title='bbox 233 2348 365 2411; x_wconf 90' lang='lat' dir='ltr'>omnino</span> <span class='ocrx_word' id='word_1_154' title='bbox 381 2370 505 2427; x_wconf 91' lang='lat' dir='ltr'>eorum,</span> <span class='ocrx_word' id='word_1_155' title='bbox 528 2370 666 2433; x_wconf 87' lang='lat' dir='ltr'>quorum</span> <span class='ocrx_word' id='word_1_156' title='bbox 688 2350 772 2412; x_wconf 84' lang='lat' dir='ltr'>Vitae</span> <span class='ocrx_word' id='word_1_157' title='bbox 794 2349 914 2413; x_wconf 87' lang='lat' dir='ltr'>exstant</span> <span class='ocrx_word' id='word_1_158' title='bbox 925 2374 935 2429; x_wconf 83' lang='lat'>3</span> <span class='ocrx_word' id='word_1_159' title='bbox 957 2346 1032 2435; x_wconf 90' lang='lat' dir='ltr'>quia</span> <span class='ocrx_word' id='word_1_160' title='bbox 1046 2369 1104 2413; x_wconf 67' lang='lat' dir='ltr'>coh</span> 
     </span>
     <span class='ocr_line' id='line_1_21' title="bbox 65 2445 1103 2536; baseline 0.002 -25"><span class='ocrx_word' id='word_1_161' title='bbox 65 2445 167 2534; x_wconf 83' lang='lat' dir='ltr'>guito</span> <span class='ocrx_word' id='word_1_162' title='bbox 181 2448 265 2512; x_wconf 75' lang='lat' dir='ltr'>Vita</span> <span class='ocrx_word' id='word_1_163' title='bbox 282 2448 354 2513; x_wconf 91' lang='lat' dir='ltr'>loco</span> <span class='ocrx_word' id='word_1_164' title='bbox 372 2450 462 2513; x_wconf 85' lang='lat' dir='ltr'>simul</span> <span class='ocrx_word' id='word_1_165' title='bbox 481 2449 558 2514; x_wconf 72' lang='lat' dir='ltr'>disti</span> <span class='ocrx_word' id='word_1_166' title='bbox 577 2451 657 2515; x_wconf 90' lang='lat' dir='ltr'>ratio</span> <span class='ocrx_word' id='word_1_167' title='bbox 678 2463 810 2536; x_wconf 87' lang='lat' dir='ltr'>apparet</span> <span class='ocrx_word' id='word_1_168' title='bbox 824 2473 843 2515; x_wconf 92' lang='lat' dir='ltr'>e</span> <span class='ocrx_word' id='word_1_169' title='bbox 857 2472 941 2515; x_wconf 82' lang='lat' dir='ltr'>nexu</span> <span class='ocrx_word' id='word_1_170' title='bbox 957 2449 1103 2515; x_wconf 78' lang='lat' dir='ltr'>historia.</span> 
     </span>
     <span class='ocr_line' id='line_1_22' title="bbox 70 2549 1103 2638; baseline 0.004 -26"><span class='ocrx_word' id='word_1_171' title='bbox 70 2550 120 2613; x_wconf 85' lang='lat' dir='ltr'>At</span> <span class='ocrx_word' id='word_1_172' title='bbox 147 2549 252 2636; x_wconf 89' lang='lat' dir='ltr'>major</span> <span class='ocrx_word' id='word_1_173' title='bbox 279 2551 322 2614; x_wconf 87' lang='lat' dir='ltr'>est</span> <span class='ocrx_word' id='word_1_174' title='bbox 348 2551 520 2615; x_wconf 80' lang='lat' dir='ltr'>obscuritas</span> <span class='ocrx_word' id='word_1_175' title='bbox 544 2552 577 2614; x_wconf 93' lang='lat' dir='ltr'>in</span> <span class='ocrx_word' id='word_1_176' title='bbox 606 2551 950 2638; x_wconf 88' lang='lat' dir='ltr'>Apophthegmatibus</span> <span class='ocrx_word' id='word_1_177' title='bbox 978 2573 1103 2637; x_wconf 85' lang='lat' dir='ltr'>eorum,</span> 
     </span>
     <span class='ocr_line' id='line_1_23' title="bbox 68 2652 1104 2739; baseline 0.001 -24"><span class='ocrx_word' id='word_1_178' title='bbox 68 2671 208 2737; x_wconf 88' lang='lat' dir='ltr'>quorum</span> <span class='ocrx_word' id='word_1_179' title='bbox 232 2652 316 2716; x_wconf 87' lang='lat' dir='ltr'>Vitae</span> <span class='ocrx_word' id='word_1_180' title='bbox 338 2667 396 2718; x_wconf 91' lang='lat' dir='ltr'>aut</span> <span class='ocrx_word' id='word_1_181' title='bbox 418 2655 590 2739; x_wconf 89' lang='lat' dir='ltr'>perierunt,</span> <span class='ocrx_word' id='word_1_182' title='bbox 604 2666 663 2717; x_wconf 90' lang='lat' dir='ltr'>aut</span> <span class='ocrx_word' id='word_1_183' title='bbox 678 2675 742 2718; x_wconf 93' lang='lat' dir='ltr'>non</span> <span class='ocrx_word' id='word_1_184' title='bbox 758 2653 900 2732; x_wconf 87' lang='lat' dir='ltr'>fuerunt,</span> <span class='ocrx_word' id='word_1_185' title='bbox 915 2653 1012 2716; x_wconf 90' lang='lat' dir='ltr'>veluti</span> <span class='ocrx_word' id='word_1_186' title='bbox 1029 2652 1104 2717; x_wconf 93' lang='lat' dir='ltr'>Phi·</span> 
     </span>
     <span class='ocr_line' id='line_1_24' title="bbox 69 2751 1104 2840; baseline 0 -23"><span class='ocrx_word' id='word_1_187' title='bbox 69 2751 164 2838; x_wconf 87' lang='lat' dir='ltr'>lippi,</span> <span class='ocrx_word' id='word_1_188' title='bbox 188 2753 357 2840; x_wconf 86' lang='lat' dir='ltr'>Antigoni,</span> <span class='ocrx_word' id='word_1_189' title='bbox 381 2753 622 2840; x_wconf 82' lang='lat' dir='ltr'>Epaminondae,</span> <span class='ocrx_word' id='word_1_190' title='bbox 646 2754 846 2840; x_wconf 90' lang='lat' dir='ltr'>Scipionum,</span> <span class='ocrx_word' id='word_1_191' title='bbox 869 2752 1008 2830; x_wconf 90' lang='lat' dir='ltr'>Metelli,</span> <span class='ocrx_word' id='word_1_192' title='bbox 1030 2754 1104 2817; x_wconf 86' lang='lat' dir='ltr'>Au·</span> 
     </span>
     <span class='ocr_line' id='line_1_25' title="bbox 68 2853 1104 2942; baseline 0 -24"><span class='ocrx_word' id='word_1_193' title='bbox 68 2854 168 2942; x_wconf 78' lang='lat' dir='ltr'>gusti,</span> <span class='ocrx_word' id='word_1_194' title='bbox 182 2869 216 2920; x_wconf 87' lang='lat' dir='ltr'>et</span> <span class='ocrx_word' id='word_1_195' title='bbox 230 2856 454 2941; x_wconf 88' lang='lat' dir='ltr'>plerorumque</span> <span class='ocrx_word' id='word_1_196' title='bbox 477 2857 542 2920; x_wconf 89' lang='lat' dir='ltr'>fere</span> <span class='ocrx_word' id='word_1_197' title='bbox 564 2855 730 2933; x_wconf 81' lang='lat' dir='ltr'>omnium3</span> <span class='ocrx_word' id='word_1_198' title='bbox 755 2855 829 2940; x_wconf 89' lang='lat' dir='ltr'>quia</span> <span class='ocrx_word' id='word_1_199' title='bbox 844 2853 920 2919; x_wconf 75' lang='lat' dir='ltr'>dieti</span> <span class='ocrx_word' id='word_1_200' title='bbox 935 2853 1032 2917; x_wconf 86' lang='lat' dir='ltr'>veluti</span> <span class='ocrx_word' id='word_1_201' title='bbox 1047 2874 1104 2918; x_wconf 83' lang='lat' dir='ltr'>ex·</span> 
     </span>
     <span class='ocr_line' id='line_1_26' title="bbox 67 2955 1106 3043; baseline 0.002 -23"><span class='ocrx_word' id='word_1_202' title='bbox 67 2956 342 3042; x_wconf 78' lang='lat' dir='ltr'>eerpti,etavuls1</span> <span class='ocrx_word' id='word_1_203' title='bbox 365 2978 383 3020; x_wconf 87' lang='lat' dir='ltr'>a</span> <span class='ocrx_word' id='word_1_204' title='bbox 401 2978 535 3043; x_wconf 87' lang='lat' dir='ltr'>corpore</span> <span class='ocrx_word' id='word_1_205' title='bbox 557 2970 591 3020; x_wconf 93' lang='lat' dir='ltr'>et</span> <span class='ocrx_word' id='word_1_206' title='bbox 608 2969 761 3020; x_wconf 86' lang='lat' dir='ltr'>contextu</span> <span class='ocrx_word' id='word_1_207' title='bbox 781 2955 929 3034; x_wconf 90' lang='lat' dir='ltr'>membri,</span> <span class='ocrx_word' id='word_1_208' title='bbox 951 2975 1051 3019; x_wconf 77' lang='lat' dir='ltr'>nenas</span> <span class='ocrx_word' id='word_1_209' title='bbox 1071 2967 1106 3022; x_wconf 84' lang='lat' dir='ltr'>et</span> 
     </span>
     <span class='ocr_line' id='line_1_27' title="bbox 70 3055 1103 3144; baseline -0.001 -23"><span class='ocrx_word' id='word_1_210' title='bbox 70 3058 154 3122; x_wconf 87' lang='lat' dir='ltr'>ratio</span> <span class='ocrx_word' id='word_1_211' title='bbox 169 3058 251 3143; x_wconf 83' lang='lat' dir='ltr'>saepe</span> <span class='ocrx_word' id='word_1_212' title='bbox 267 3057 443 3144; x_wconf 83' lang='lat' dir='ltr'>ignoratur.</span> <span class='ocrx_word' id='word_1_213' title='bbox 482 3059 586 3144; x_wconf 85' lang='lat' dir='ltr'>Igitur</span> <span class='ocrx_word' id='word_1_214' title='bbox 600 3058 632 3121; x_wconf 91' lang='lat' dir='ltr'>iu</span> <span class='ocrx_word' id='word_1_215' title='bbox 647 3056 709 3120; x_wconf 90' lang='lat' dir='ltr'>hoc</span> <span class='ocrx_word' id='word_1_216' title='bbox 723 3078 854 3143; x_wconf 81' lang='lat' dir='ltr'>genere,</span> <span class='ocrx_word' id='word_1_217' title='bbox 875 3068 912 3120; x_wconf 90' lang='lat' dir='ltr'>ut</span> <span class='ocrx_word' id='word_1_218' title='bbox 924 3055 1031 3119; x_wconf 88' lang='lat' dir='ltr'>miuus</span> <span class='ocrx_word' id='word_1_219' title='bbox 1045 3078 1103 3120; x_wconf 89' lang='lat' dir='ltr'>co-</span> 
     </span>
     <span class='ocr_line' id='line_1_28' title="bbox 69 3156 1105 3247; baseline -0.001 -24"><span class='ocrx_word' id='word_1_220' title='bbox 69 3159 165 3247; x_wconf 88' lang='lat' dir='ltr'>guito</span> <span class='ocrx_word' id='word_1_221' title='bbox 187 3159 352 3245; x_wconf 88' lang='lat' dir='ltr'>minusque</span> <span class='ocrx_word' id='word_1_222' title='bbox 373 3159 534 3245; x_wconf 82' lang='lat' dir='ltr'>expedito,</span> <span class='ocrx_word' id='word_1_223' title='bbox 555 3159 710 3246; x_wconf 89' lang='lat' dir='ltr'>majorem</span> <span class='ocrx_word' id='word_1_224' title='bbox 730 3156 958 3244; x_wconf 90' lang='lat' dir='ltr'>interpretandi</span> <span class='ocrx_word' id='word_1_225' title='bbox 972 3178 1105 3243; x_wconf 87' lang='lat' dir='ltr'>operam</span> 
     </span>
     <span class='ocr_line' id='line_1_29' title="bbox 71 3257 1105 3346; baseline -0.002 -22"><span class='ocrx_word' id='word_1_226' title='bbox 71 3260 250 3346; x_wconf 86' lang='lat' dir='ltr'>posuimus:</span> <span class='ocrx_word' id='word_1_227' title='bbox 275 3261 307 3324; x_wconf 94' lang='lat' dir='ltr'>in</span> <span class='ocrx_word' id='word_1_228' title='bbox 330 3260 398 3338; x_wconf 91' lang='lat' dir='ltr'>illo,</span> <span class='ocrx_word' id='word_1_229' title='bbox 417 3276 454 3324; x_wconf 93' lang='lat' dir='ltr'>ut</span> <span class='ocrx_word' id='word_1_230' title='bbox 471 3260 612 3324; x_wconf 89' lang='lat' dir='ltr'>faciliore</span> <span class='ocrx_word' id='word_1_231' title='bbox 629 3257 806 3322; x_wconf 88' lang='lat' dir='ltr'>satisfecisse</span> <span class='ocrx_word' id='word_1_232' title='bbox 829 3279 887 3322; x_wconf 90' lang='lat' dir='ltr'>nos</span> <span class='ocrx_word' id='word_1_233' title='bbox 908 3257 1105 3344; x_wconf 85' lang='lat' dir='ltr'>putavimus,</span> 
     </span>
     <span class='ocr_line' id='line_1_30' title="bbox 71 3357 1104 3446; baseline 0 -21"><span class='ocrx_word' id='word_1_234' title='bbox 71 3362 92 3425; x_wconf 83' lang='lat' dir='ltr'>fi</span> <span class='ocrx_word' id='word_1_235' title='bbox 112 3374 296 3427; x_wconf 88' lang='lat' dir='ltr'>notaremus</span> <span class='ocrx_word' id='word_1_236' title='bbox 317 3360 397 3424; x_wconf 87' lang='lat' dir='ltr'>alios</span> <span class='ocrx_word' id='word_1_237' title='bbox 417 3361 517 3439; x_wconf 89' lang='lat' dir='ltr'>locos,</span> <span class='ocrx_word' id='word_1_238' title='bbox 537 3361 570 3424; x_wconf 90' lang='lat' dir='ltr'>in</span> <span class='ocrx_word' id='word_1_239' title='bbox 590 3360 706 3446; x_wconf 91' lang='lat' dir='ltr'>quibus</span> <span class='ocrx_word' id='word_1_240' title='bbox 727 3358 797 3423; x_wconf 85' lang='lat' dir='ltr'>baec</span> <span class='ocrx_word' id='word_1_241' title='bbox 816 3358 901 3423; x_wconf 69' lang='lat' dir='ltr'>dista</span> <span class='ocrx_word' id='word_1_242' title='bbox 914 3357 1104 3444; x_wconf 81' lang='lat' dir='ltr'>produntur.</span> 
     </span>
     <span class='ocr_line' id='line_1_31' title="bbox 74 3459 1106 3548; baseline -0.001 -22"><span class='ocrx_word' id='word_1_243' title='bbox 74 3463 112 3527; x_wconf 90' lang='lat' dir='ltr'>lu</span> <span class='ocrx_word' id='word_1_244' title='bbox 135 3478 250 3526; x_wconf 90' lang='lat' dir='ltr'>neutro</span> <span class='ocrx_word' id='word_1_245' title='bbox 272 3484 389 3548; x_wconf 88' lang='lat' dir='ltr'>genere</span> <span class='ocrx_word' id='word_1_246' title='bbox 413 3461 611 3548; x_wconf 83' lang='lat' dir='ltr'>negleximus</span> <span class='ocrx_word' id='word_1_247' title='bbox 637 3460 793 3526; x_wconf 90' lang='lat' dir='ltr'>rationem</span> <span class='ocrx_word' id='word_1_248' title='bbox 816 3459 905 3540; x_wconf 72' lang='lat' dir='ltr'>disti,</span> <span class='ocrx_word' id='word_1_249' title='bbox 930 3460 949 3523; x_wconf 84' lang='lat' dir='ltr'>fi</span> <span class='ocrx_word' id='word_1_250' title='bbox 975 3459 1106 3546; x_wconf 89' lang='lat' dir='ltr'>quando</span> 
     </span>
     <span class='ocr_line' id='line_1_32' title="bbox 66 3559 1105 3648; baseline -0.004 -20"><span class='ocrx_word' id='word_1_251' title='bbox 66 3563 200 3642; x_wconf 84' lang='lat' dir='ltr'>lateret,</span> <span class='ocrx_word' id='word_1_252' title='bbox 215 3563 355 3648; x_wconf 81' lang='lat' dir='ltr'>aperire3</span> <span class='ocrx_word' id='word_1_253' title='bbox 378 3562 466 3648; x_wconf 90' lang='lat' dir='ltr'>quod</span> <span class='ocrx_word' id='word_1_254' title='bbox 481 3562 562 3648; x_wconf 83' lang='lat' dir='ltr'>saepe</span> <span class='ocrx_word' id='word_1_255' title='bbox 575 3561 909 3638; x_wconf 86' lang='lat' dir='ltr'>animadverteramus,</span> <span class='ocrx_word' id='word_1_256' title='bbox 923 3559 992 3647; x_wconf 90' lang='lat' dir='ltr'>ejus</span> <span class='ocrx_word' id='word_1_257' title='bbox 1008 3559 1105 3647; x_wconf 87' lang='lat' dir='ltr'>iguo·</span> 
     </span>
     <span class='ocr_line' id='line_1_33' title="bbox 70 3659 1106 3740; baseline -0.003 -11"><span class='ocrx_word' id='word_1_258' title='bbox 70 3664 232 3729; x_wconf 86' lang='lat' dir='ltr'>rationem</span> <span class='ocrx_word' id='word_1_259' title='bbox 245 3663 348 3729; x_wconf 68' lang='lat' dir='ltr'>dusiis</span> <span class='ocrx_word' id='word_1_260' title='bbox 361 3664 458 3728; x_wconf 90' lang='lat' dir='ltr'>etiam</span> <span class='ocrx_word' id='word_1_261' title='bbox 482 3663 665 3727; x_wconf 89' lang='lat' dir='ltr'>hominibus</span> <span class='ocrx_word' id='word_1_262' title='bbox 687 3661 777 3727; x_wconf 84' lang='lat' dir='ltr'>valde</span> <span class='ocrx_word' id='word_1_263' title='bbox 792 3662 908 3740; x_wconf 79' lang='lat' dir='ltr'>obesse,</span> <span class='ocrx_word' id='word_1_264' title='bbox 928 3685 992 3726; x_wconf 93' lang='lat' dir='ltr'>non</span> <span class='ocrx_word' id='word_1_265' title='bbox 1007 3659 1106 3726; x_wconf 90' lang='lat' dir='ltr'>modo</span> 
     </span>
     <span class='ocr_line' id='line_1_34' title="bbox 74 3760 1106 3851; baseline -0.005 -21"><span class='ocrx_word' id='word_1_266' title='bbox 74 3764 116 3830; x_wconf 88' lang='lat' dir='ltr'>ad</span> <span class='ocrx_word' id='word_1_267' title='bbox 137 3764 378 3851; x_wconf 82' lang='lat' dir='ltr'>intelligendam</span> <span class='ocrx_word' id='word_1_268' title='bbox 397 3764 598 3843; x_wconf 89' lang='lat' dir='ltr'>seutentiam,</span> <span class='ocrx_word' id='word_1_269' title='bbox 618 3763 671 3827; x_wconf 91' lang='lat' dir='ltr'>sed</span> <span class='ocrx_word' id='word_1_270' title='bbox 690 3764 722 3827; x_wconf 91' lang='lat' dir='ltr'>in</span> <span class='ocrx_word' id='word_1_271' title='bbox 742 3764 852 3848; x_wconf 88' lang='lat' dir='ltr'>primis</span> <span class='ocrx_word' id='word_1_272' title='bbox 869 3763 910 3826; x_wconf 83' lang='lat' dir='ltr'>ad</span> <span class='ocrx_word' id='word_1_273' title='bbox 927 3760 1106 3849; x_wconf 81' lang='lat' dir='ltr'>percipien-</span> 
     </span>
     <span class='ocr_line' id='line_1_35' title="bbox 66 3864 1105 3952; baseline -0.007 -21"><span class='ocrx_word' id='word_1_274' title='bbox 66 3869 152 3932; x_wconf 90' lang='lat' dir='ltr'>dum</span> <span class='ocrx_word' id='word_1_275' title='bbox 175 3887 323 3947; x_wconf 87' lang='lat' dir='ltr'>acumen,</span> <span class='ocrx_word' id='word_1_276' title='bbox 346 3865 486 3952; x_wconf 90' lang='lat' dir='ltr'>indeque</span> <span class='ocrx_word' id='word_1_277' title='bbox 500 3865 567 3929; x_wconf 89' lang='lat' dir='ltr'>sieri</span> <span class='ocrx_word' id='word_1_278' title='bbox 585 3879 623 3929; x_wconf 93' lang='lat' dir='ltr'>ut</span> <span class='ocrx_word' id='word_1_279' title='bbox 642 3865 757 3930; x_wconf 90' lang='lat' dir='ltr'>horum</span> <span class='ocrx_word' id='word_1_280' title='bbox 778 3864 1105 3951; x_wconf 86' lang='lat' dir='ltr'>Apophthegmatum</span> 
     </span>
     <span class='ocr_line' id='line_1_36' title="bbox 71 3961 1107 4055; baseline -0.007 -21"><span class='ocrx_word' id='word_1_281' title='bbox 71 3968 159 4035; x_wconf 90' lang='lat' dir='ltr'>baud</span> <span class='ocrx_word' id='word_1_282' title='bbox 178 3990 291 4055; x_wconf 87' lang='lat' dir='ltr'>pauca,</span> <span class='ocrx_word' id='word_1_283' title='bbox 307 3968 450 4054; x_wconf 87' lang='lat' dir='ltr'>quamvis</span> <span class='ocrx_word' id='word_1_284' title='bbox 471 3981 566 4032; x_wconf 90' lang='lat' dir='ltr'>acuta</span> <span class='ocrx_word' id='word_1_285' title='bbox 587 3980 620 4031; x_wconf 91' lang='lat' dir='ltr'>et</span> <span class='ocrx_word' id='word_1_286' title='bbox 638 3968 753 4045; x_wconf 89' lang='lat' dir='ltr'>faceta,</span> <span class='ocrx_word' id='word_1_287' title='bbox 773 3980 883 4031; x_wconf 78' lang='lat' dir='ltr'>tanren</span> <span class='ocrx_word' id='word_1_288' title='bbox 905 3986 964 4050; x_wconf 86' lang='lat' dir='ltr'>pro</span> <span class='ocrx_word' id='word_1_289' title='bbox 983 3961 1107 4050; x_wconf 80' lang='lat' dir='ltr'>frigidis</span> 
     </span>
     <span class='ocr_line' id='line_1_37' title="bbox 67 4063 1104 4153; baseline -0.007 -16"><span class='ocrx_word' id='word_1_290' title='bbox 67 4087 106 4137; x_wconf 86' lang='lat' dir='ltr'>et</span> <span class='ocrx_word' id='word_1_291' title='bbox 123 4071 259 4135; x_wconf 84' lang='lat' dir='ltr'>inficetis</span> <span class='ocrx_word' id='word_1_292' title='bbox 273 4070 438 4135; x_wconf 86' lang='lat' dir='ltr'>habereut.</span> <span class='ocrx_word' id='word_1_293' title='bbox 474 4071 545 4134; x_wconf 86' lang='lat' dir='ltr'>Nos</span> <span class='ocrx_word' id='word_1_294' title='bbox 559 4090 633 4134; x_wconf 88' lang='lat' dir='ltr'>vero</span> <span class='ocrx_word' id='word_1_295' title='bbox 651 4067 714 4132; x_wconf 89' lang='lat' dir='ltr'>hoc</span> <span class='ocrx_word' id='word_1_296' title='bbox 733 4066 910 4153; x_wconf 90' lang='lat' dir='ltr'>cujusmodi</span> <span class='ocrx_word' id='word_1_297' title='bbox 923 4066 959 4130; x_wconf 80' lang='lat' dir='ltr'>sit</span> <span class='ocrx_word' id='word_1_298' title='bbox 973 4086 1032 4129; x_wconf 87' lang='lat' dir='ltr'>nec</span> <span class='ocrx_word' id='word_1_299' title='bbox 1046 4063 1104 4130; x_wconf 92' lang='lat' dir='ltr'>de·</span> 
     </span>
     <span class='ocr_line' id='line_1_38' title="bbox 65 4166 1105 4259; baseline -0.005 -21"><span class='ocrx_word' id='word_1_300' title='bbox 65 4175 217 4251; x_wconf 80' lang='lat' dir='ltr'>linimus,</span> <span class='ocrx_word' id='word_1_301' title='bbox 243 4194 302 4236; x_wconf 90' lang='lat' dir='ltr'>nec</span> <span class='ocrx_word' id='word_1_302' title='bbox 327 4193 542 4259; x_wconf 89' lang='lat' dir='ltr'>repugnamus</span> <span class='ocrx_word' id='word_1_303' title='bbox 568 4168 741 4258; x_wconf 81' lang='lat' dir='ltr'>quominus</span> <span class='ocrx_word' id='word_1_304' title='bbox 765 4168 831 4247; x_wconf 90' lang='lat' dir='ltr'>alii,</span> <span class='ocrx_word' id='word_1_305' title='bbox 857 4168 877 4231; x_wconf 85' lang='lat' dir='ltr'>fi</span> <span class='ocrx_word' id='word_1_306' title='bbox 901 4166 957 4255; x_wconf 90' lang='lat' dir='ltr'>qui</span> <span class='ocrx_word' id='word_1_307' title='bbox 982 4168 1105 4248; x_wconf 87' lang='lat' dir='ltr'>volunt,</span> 
     </span>
     <span class='ocr_line' id='line_1_39' title="bbox 70 4268 1107 4360; baseline -0.006 -19"><span class='ocrx_word' id='word_1_308' title='bbox 70 4275 251 4341; x_wconf 84' lang='lat' dir='ltr'>definiant:</span> <span class='ocrx_word' id='word_1_309' title='bbox 279 4273 363 4340; x_wconf 87' lang='lat' dir='ltr'>illud</span> <span class='ocrx_word' id='word_1_310' title='bbox 389 4275 595 4353; x_wconf 79' lang='lat' dir='ltr'>affirmamus,</span> <span class='ocrx_word' id='word_1_311' title='bbox 622 4272 844 4357; x_wconf 73' lang='lat' dir='ltr'>praefationem</span> <span class='ocrx_word' id='word_1_312' title='bbox 869 4269 911 4336; x_wconf 88' lang='lat' dir='ltr'>ad</span> <span class='ocrx_word' id='word_1_313' title='bbox 935 4268 1107 4360; x_wconf 77' lang='lat' dir='ltr'>Trajauum</span> 
     </span>
     <span class='ocr_line' id='line_1_40' title="bbox 119 4391 640 4459; baseline -0.013 -14"><span class='ocrx_word' id='word_1_314' title='bbox 119 4396 211 4445; x_wconf 78' lang='lat' dir='ltr'>vor..</span> <span class='ocrx_word' id='word_1_315' title='bbox 227 4394 282 4444; x_wconf 79' lang='lat' dir='ltr'>vv.</span> <span class='ocrx_word' id='word_1_316' title='bbox 581 4391 640 4459; x_wconf 76' lang='lat'>3¹</span> 
     </span>
    </p>
   </div>
   <div class='ocr_carea' id='block_1_3' title="bbox 0 0 1357 4928">
    <p class='ocr_par' dir='ltr' id='par_1_3' title="bbox 0 0 1357 4928">
     <span class='ocr_line' id='line_1_41' title="bbox 0 0 1357 4928; baseline 0 0"><span class='ocrx_word' id='word_1_317' title='bbox 0 0 1357 4928; x_wconf 95' lang='lat' dir='ltr'> </span> 
     </span>
    </p>
   </div>
  </div>
 </body>
</html>
