2700 4928
157 350 218 412 826
347 347 994 412 n.w.AN1MADv.1NPLurA1tcH1
1040 338 1046 345 ’

203 527 274 594 127.
290 512 331 578 C.
353 512 525 600 οινείροιπος]
551 512 743 579 Notavimus
758 535 791 600 p.
809 532 880 578 101.
894 512 941 578 D.

201 631 273 696 127.
289 612 329 678 C.
352 619 376 677 οί
389 615 495 698 ἀγαθοί
510 615 667 700 ναύκληροι]
687 614 772 679 Istud
786 614 893 698 ἀγαθοὶ
906 611 1013 678 nescio
1024 602 1175 698 quomod

157 714 311 801 displioet.
333 715 498 804 Amyotus
511 716 641 804 quidem
657 738 723 782 non
737 714 886 781 reddidit.
909 712 1068 801 Equidem
1083 710 1173 775 asne

156 827 213 879 aut
235 814 358 902 quidvis
379 816 500 902 potius,
518 839 613 903 quam
632 817 811 905 vulgatum,
833 814 976 880 mallem.
1012 815 1085 878 Nec
1106 811 1175 877 re&

158 914 247 980 bonus
270 914 405 993 dicatur,
429 914 485 1002 qui
507 915 689 1000 exemplum
711 914 779 979 vitii
801 911 948 1000 fugiendi
967 910 1111 998 ponitur.
1150 910 1175 972 h

156 1018 242 1110 bono
258 1039 297 1082 sc
321 1016 480 1103 sequendo
502 1018 647 1082 censetur
669 1016 755 1102 apud
775 1015 941 1082 Philonem
961 1014 1039 1082 Jud.
1062 1016 1175 1099 sagn

157 1118 195 1184 T.
220 1118 264 1182 ll.
289 1139 323 1204 p.
334 1120 422 1201 667:
451 1119 522 1181 Ἐοὶν
544 1119 618 1196 δόξης
641 1116 687 1198 καί
708 1123 799 1205 ἀρχῆς
821 1115 901 1200 μἠα
922 1115 1051 1198 φυούσης
1074 1115 1175 1194 ίφίοοοι

157 1221 278 1308 καθάπερ
291 1224 349 1299 νηὸς
362 1223 472 1306 ἀγαθὸς
487 1220 655 1309 κοὲορνήτης,
668 1227 718 1299 τὴν
733 1225 846 1299 πολλὴν
864 1231 920 1286 τῶν
942 1220 1016 1293 irim
1032 1218 1121 1304 χῦοιν
1133 1220 1175 1289 ssi<

157 1338 215 1386 λον·
240 1323 285 1386 isa
303 1327 342 1405 μὴ
364 1329 400 1399 είς
415 1324 531 1399 ίπίποος
548 1325 657 1412 πράξεις
677 1327 893 1410 ὲκίραχηλιιθῇς·
917 1323 963 1387 ita
983 1317 1175 1407 corrigenda

156 1424 249 1490 locus
260 1425 358 1513 vulgo
372 1425 553 1490 mendosus.

204 1544 276 1611 127.
291 1526 330 1592 C.
353 1527 551 1614 ὑπεξαίρονπες]
576 1527 764 1614 legendum
778 1526 901 1592 videtur
915 1530 1118 1612 ὑπεξαιρὺπις.
1140 1522 1175 1586 lu

159 1627 239 1693 solet
255 1625 442 1692 Plutarchus
455 1628 601 1712 Sympos.
616 1627 659 1692 V.
675 1649 708 1712 p.
720 1629 795 1712 673.
808 1626 847 1690 Β.
864 1622 1108 1711 ὑπεξαιρουμένοις.
1130 1621 1175 1686 Vi

159 1744 219 1792 tar.
235 1748 269 1813 p.
283 1746 357 1813 209.
370 1729 413 1792 A.
428 1730 575 1804 ὑπεξελεῖν.
596 1744 671 1811 472.
683 1726 723 1792 C.
739 1729 812 1810 670.
825 1728 863 1790 E.
883 1725 1086 1807 ὑπεξελόμενος.
1116 1725 1174 1809 769

158 1831 198 1894 B.
224 1848 316 1915 1019.
329 1830 374 1894 D.
387 1828 570 1907 ὕποξολίθοιρε
587 1829 625 1892 E.
640 1827 853 1916 ὑπεξῃρημένοις.
876 1830 923 1891 At
932 1827 1083 1914 ὑποξοιίροιν
1093 1826 1175 1889 Verb

160 1930 304 2017 partibus
318 1929 474 2016 nusquam
488 1928 562 1994 usus
576 1929 634 1994 est:
658 1928 750 2015 cujus
769 1943 875 1992 tamen
895 1925 1042 2013 exempla
1059 1925 1124 1990 duo
1138 1934 1175 1989 at·

160 2030 236 2097 tulit
258 2033 304 2095 H.
320 2030 501 2116 Stephanus
513 2030 608 2095 Thes.
624 2033 662 2094 L.
678 2031 736 2094 Gr.
749 2032 788 2095 T.
805 2032 832 2094 1.
855 2050 888 2115 p.
904 2047 977 2096 212.
999 2051 1038 2093 ex
1059 2028 1175 2093 Platoni

158 2148 192 2197 ot
207 2124 445 2216 Xenophonte:
467 2151 604 2216 quorum
619 2130 698 2194 illud
712 2131 755 2193 est
767 2152 806 2194 ex
820 2132 848 2194 T
848 2131 987 2194 heaeteto
1003 2152 1035 2216 p.
1054 2131 1126 2193 118.
1140 2129 1165 2192 B

159 2230 205 2309 nal
223 2235 269 2294 iah
287 2229 344 2316 ἄρα
361 2229 540 2309 σκοποῦμονίς
561 2256 587 2292 τι
607 2227 642 2292 ὧν
662 2228 695 2292 ἂν
716 2229 1029 2316 λίγρς-ύπεξαίρονμοιρ
1051 2229 1098 2303 καί
1117 2235 1175 2293 oin·

158 2332 318 2396 &lua-2
342 2328 422 2392 illud
440 2351 479 2392 ex
500 2329 643 2393 Hierone
659 2333 701 2393 V.
718 2348 749 2395 2.
773 2329 837 2392 ίιαν
853 2333 914 2405 τοὺς
933 2333 1057 2405 τοιούτοις
1079 2334 1123 2394 διὰ
1141 2332 1175 2395 rh

157 2429 236 2513 ρι’ὑον
248 2433 452 2518 ὑπιξαιρὺνεαρ·
471 2450 608 2515 quorum
623 2429 655 2494 in
671 2444 808 2516 utroque
821 2431 959 2495 alterum
973 2433 1118 2496 Verbum
1132 2437 1175 2495 ὑπ·

157 2535 305 2618 εξαιρῖιμαρ
319 2544 354 2595 et
366 2533 571 2618 ὑπεξαιρῶνεαρ,
586 2531 737 2597 credibile
750 2533 793 2596 est
807 2532 907 2598 fuiffe.
944 2534 1009 2599 Sed
1027 2534 1175 2598 infinituu

157 2634 201 2698 est
214 2632 359 2723 exemplu
372 2632 543 2711 recensere,
559 2633 615 2697 ubi
628 2633 709 2721 αὑρίοι
723 2648 757 2699 et
770 2633 837 2721 α’ίροι
850 2657 1027 2721 eorumque
1042 2636 1175 2721 Compo-

157 2737 214 2802 fita
226 2734 474 2816 confundantur,
492 2757 628 2823 quorum
651 2737 684 2802 in
706 2737 803 2825 longe
824 2737 970 2824 plurimis
991 2741 1075 2825 αὑρεῖν
1096 2759 1175 2802 revo

157 2840 315 2905 candum:
337 2861 433 2926 quem
455 2838 563 2905 locum
583 2841 750 2929 attigimus
769 2841 847 2904 olim
862 2840 895 2904 in
909 2839 1064 2904 Animad.
1086 2839 1126 2904 ad
1146 2838 1176 2902 li·

156 2938 278 3004 bellum
292 2939 344 3003 De
358 2941 426 3004 Ser.
441 2941 543 3004 Num.
559 2940 657 3005 Vind.
678 2961 711 3026 p.
727 2942 758 3005 8.
773 2955 807 3005 et
826 2960 897 3022 141.
920 2953 954 3005 ot
967 2940 1046 3005 alias
1060 2940 1175 3006 uberiu

155 3037 372 3103 monuimus.
418 3041 516 3105 Verbi
534 3039 682 3127 ὑπεξαιρίιο
701 3039 847 3126 exempla
871 3041 1055 3128 Stephanus
1079 3041 1175 3107 attuli

156 3139 201 3203 ib.
216 3161 249 3225 p.
267 3153 339 3225 197.
357 3140 433 3205 item
450 3140 630 3228 ὑπεξαίρεσις,
647 3139 735 3227 quod
750 3153 784 3204 et
797 3140 831 3205 in
846 3140 1018 3205 Plutarcho
1036 3142 1080 3206 est
1101 3143 1175 3230 Opp

155 3241 243 3304 Mor.
265 3260 300 3326 p.
315 3242 389 3326 635.
404 3241 447 3305 A.
471 3243 545 3325 673·
560 3242 598 3305 B.
624 3241 717 3305 1088.
735 3236 775 3307 C.
810 3243 879 3306 Vit.
896 3245 948 3328 65.
965 3244 1005 3307 Ε.
1043 3246 1091 3308 At
1112 3244 1175 3309 nui

156 3360 252 3427 quam
265 3353 322 3403 aut
336 3341 422 3425 apud
440 3340 539 3420 hunc,
561 3356 618 3406 aut
635 3341 722 3427 apud
741 3343 832 3421 alios,
853 3341 1012 3431 ὑπίξαςσες,
1035 3357 1094 3410 aut
1114 3367 1175 3410 osu«

157 3440 234 3506 nino
247 3440 390 3528 profeiia
401 3463 421 3504 a
433 3441 542 3506 Verbo
556 3441 690 3530 ὑπιξαίραι
705 3442 856 3521 Nomina.

201 3559 273 3625 127.
285 3540 324 3605 C.
348 3548 450 3624 φελλοῦ
469 3539 542 3620 δίκην
559 3545 608 3606 ὑπὸ
629 3536 778 3625 κοφὸπηπος
793 3543 981 3632 irrupimus]
1008 3545 1175 3635 Compara·

155 3644 203 3709 tio
223 3641 315 3707 fluxit
335 3664 355 3706 a
377 3641 511 3707 Pindaro
541 3643 635 3732 Pyth.
661 3646 704 3709 ll.
728 3647 808 3726 148:
832 3643 975 3721 ὑὺίεπίιςὺς
997 3651 1066 3730 εἰμι,
1089 3649 1175 3730 penul

153 3744 200 3823 είς,
222 3744 286 3831 ὑπὲρ
304 3742 379 3831 ίριοος
400 3741 501 3824 ἅλμης.
538 3744 659 3810 Eodem
675 3747 810 3810 refertur
824 3746 970 3832 Sympos.
985 3749 1046 3811 VI.
1063 3748 1134 3814 init.
1154 3770 1175 3835 p

154 3847 229 3910 686.
244 3846 291 3909 B:
313 3843 392 3928 μίγα
404 3848 463 3929 γὰρ
476 3846 512 3919 ὥς
529 3850 640 3924 ἀληθῶς
655 3845 795 3931 εὐημερίας
813 3846 913 3929 ἐφόδιον
932 3848 1068 3934 εὐκρασία
1085 3850 1175 3933 onipe-

153 3969 199 4018 τος
212 3943 347 4018 ᾰὲαπίίςο
367 3941 414 4022 καί
433 3947 561 4031 ἐλαφροῦ·
586 3944 695 4031 attigit
718 3944 828 4008 similia
850 3946 997 4010 Erasmus
1018 3947 1129 4036 Adag.
1153 3968 1175 4036 p

155 4061 249 4131 1925.

198 4164 269 4229 127.
285 4150 328 4214 D.
351 4145 536 4235 προπαθείαις
558 4145 604 4225 καί
624 4145 834 4233 spondiacus]
870 4148 958 4213 Prius
977 4171 1043 4214 non
1066 4149 1175 4217 baben*

152 4244 270 4328 latini,
284 4247 449 4335 quomodo
461 4270 528 4314 uuo
543 4245 678 4314 reddant
691 4245 846 4312 vocabulo
851 4272 862 4329 3
883 4270 988 4338 neque
999 4251 1089 4318 enim
1097 4266 1175 4342 pra·

561 4558 701 4608 A
