2700 4928
223 350 427 413 suornm
441 352 663 414 1100111οι.
682 352 970 432 ροισι-1110.
1033 359 1111 424 naq

68 508 252 577 Meursium
274 514 380 581 festive
399 516 601 602 reprehendit
622 516 702 582 Chr.
721 515 787 582 Ad.
807 515 954 580 Klotzius
976 515 1007 579 in
1030 513 1104 580 Dis·

67 610 145 676 sert.
160 612 202 678 de
215 616 345 702 Tyrtaeo
367 640 400 701 p.
418 638 491 703 154.
517 621 642 683 Neuter
655 619 764 684 locum
780 617 920 683 Platonis
934 629 1103 681 memorat.

69 712 182 779 Credo
196 715 293 780 etiam
309 717 341 782 in
357 720 513 784 Veterum
533 720 753 785 monumentis
773 716 852 784 alios
872 719 944 783 ferri
960 717 1104 805 peregri·
1190 790 1197 813 ,

66 833 130 877 nos
149 835 171 877 a
191 815 354 900 Spartanis
370 819 580 886 factos-cives.
618 819 681 886 Sed
697 821 773 886 huic
786 819 950 907 questioni
968 842 1032 884 non
1051 818 1104 883 hic

64 915 113 979 est
127 914 233 981 locus.

111 1036 189 1103 230.
205 1021 244 1083 E.
274 1017 320 1105 ι’.]
354 1022 548 1108 Responsum
572 1022 678 1088 similis
698 1023 881 1111 argumenti
902 1034 999 1109 atque
1023 1023 1101 1087 effa-

62 1130 140 1182 tum
156 1118 435 1206 Philosophorum,
450 1148 539 1187 veras
553 1124 678 1188 diuitias
691 1125 724 1188 in
736 1125 835 1188 animo
848 1125 902 1211 effe
917 1124 1040 1210 pofitas:
1062 1124 1104 1189 do

62 1242 136 1306 quo
150 1219 240 1286 Plato
251 1224 333 1309 Leg.
346 1225 408 1288 XI.
424 1245 458 1310 p.
469 1228 545 1310 675.
559 1226 597 1288 B.
621 1227 801 1312 Xenophon
818 1226 964 1314 Sympos.
979 1247 1013 1311 p.
1026 1226 1102 1310 885.

64 1324 106 1386 E.
135 1322 253 1388 Cicero
274 1325 427 1390 Paradox.
449 1329 510 1392 VI.
534 1348 565 1391 1.
603 1329 726 1394 Seneca
747 1331 811 1415 Ep.
833 1329 943 1393 XCII.
966 1349 999 1414 p.
1013 1328 1100 1414 338:

63 1446 129 1489 noa
143 1424 220 1489 alibi
235 1424 391 1491 dicemus.

111 1544 188 1611 230.
202 1527 243 1591 Ε.
263 1525 317 1612 ς’.]
343 1530 494 1593 Sumtum
514 1551 553 1594 ex
574 1529 745 1595 Herodoto
760 1530 821 1594 lx.
839 1530 902 1596 82:
924 1530 981 1617 qui
997 1543 1103 1597 narrat

63 1626 267 1707 Pausaniam,
282 1629 403 1716 duplici
422 1652 526 1711 coena,
546 1631 648 1697 altera
669 1632 798 1711 Persica,
818 1653 837 1696 a
858 1632 1022 1696 Mardonii
1043 1656 1101 1699 co·

60 1730 152 1817 quis,
171 1730 272 1794 altera
290 1731 450 1796 Laconica
466 1733 562 1797 esuis
579 1733 729 1797 instnrsta
739 1733 951 1818 -γιλᾶσαντα
963 1735 1100 1817 μύστην.-

62 1834 171 1910 ψιιθιη
186 1841 240 1897 τιῖιν
252 1834 396 1910 Ἑλλήνιον
413 1836 475 1909 τοὺς
495 1834 660 1921 ςρατηγούς·
684 1833 867 1899 συνελθόντων
884 1836 911 1897 δὲ
926 1834 1042 1916 rursus,
1060 1834 1101 1898 rl·

60 1958 117 2013 σαι
136 1937 183 1998 τὸν
207 1934 382 2012 Παυσανίην,
403 1937 539 2000 δαινύντα
559 1941 595 2011 alf
614 1935 743 2021 ἑκατέρην
760 1943 809 2000 τοῦ
828 1936 919 2000 halma
939 1942 987 2015 niv
1004 1965 1099 2026 παρα·

60 2034 176 2111 σκευήν·
210 2032 356 2121 ((Ἀνδφνς
371 2033 520 2114 Ἕλληνος,
542 2038 624 2099 τῶνδε
645 2036 734 2099 εἵνεκα
758 2034 816 2121 lyd
837 2042 908 2119 ὑμᾶς
929 2037 1100 2122 συνήγαγον,

63 2141 91 2175 “
107 2136 259 2218 βελύμινος
277 2140 339 2217 ύμῖν
351 2137 428 2200 τοῦδε
444 2144 492 2200 τοῦ
506 2137 608 2214 Μήδιον
621 2137 751 2223 ἡγεμόνος
768 2142 816 2216 τὴν
834 2139 984 2226 ἀφροσύνην
1005 2141 1097 2216 δεῖξας·

64 2243 90 2278 “
106 2236 134 2312 ὃς
158 2239 257 2316 τοιήνδε
281 2239 387 2302 δίαιταν
410 2238 495 2324 ἴχινν,
517 2238 602 2317 ἦλθον
623 2244 650 2316 ἐς
668 2240 753 2324 ἡμέας
775 2238 845 2304 οὕτω
864 2244 965 2327 ούζορην
984 2240 1101 2326 ἔχοντος

63 2347 89 2383 “
104 2340 348 2429 ἆταιρησύμενος.”

108 2459 184 2526 030.
201 2443 236 2505 F.
264 2441 511 2505 ΠΑῪΣΑΝΙΟῬ
530 2445 615 2505 Tou*
637 2441 1024 2527 nnmerNAK‘roz']
1048 2442 1101 2508 Da

63 2565 132 2632 quo
154 2542 313 2607 Meursius
328 2545 432 2629 Regu.
448 2542 568 2608 Laced.
585 2545 665 2607 XII.
679 2566 713 2630 p.
729 2545 782 2609 60.

107 2664 183 2732 230.
196 2647 232 2709 F.
246 2644 301 2729 ιι’.]
329 2643 466 2730 Cragius
481 2644 592 2731 attigit
606 2647 686 2730 Rep.
700 2644 819 2710 Laced.
836 2646 898 2709 III.
914 2664 943 2711 1.
960 2665 993 2732 p.
1011 2664 1084 2730 173·

108 2766 183 2832 230.
200 2750 234 2812 F.
257 2747 286 2827 β’
289 2748 314 2832 .]
341 2746 395 2810 Ab
415 2744 554 2831 Ephoris
574 2744 670 2810 exilio
685 2746 870 2826 mulstatus,
884 2748 1024 2834 Tegeam
1039 2748 1097 2812 ab·

60 2846 113 2927 iit,
136 2847 245 2934 ibique
265 2859 414 2912 mortuus
434 2847 498 2910 est:
522 2858 559 2909 ut
575 2845 697 2910 constat
714 2867 734 2910 c
753 2845 970 2932 Xenophonte
986 2846 1098 2911 Helle-

61 2952 128 3017 nic.
157 2953 219 3016 lll.
246 2951 301 3015 fin.
325 2971 359 3035 p.
373 2965 449 3034 507.
466 2950 504 3012 B.
541 2948 714 3014 Plutarcho
738 2948 770 3013 in
793 2947 871 3013 Vita
892 2949 1045 3036 Lysandri
1064 2970 1099 3035 p.

61 3070 141 3138 450.
165 3055 210 3119 D.
256 3051 367 3117 Simile
394 3051 471 3115 huic
492 3052 537 3115 est
561 3049 685 3114 diuum
710 3049 862 3135 Aristippi
885 3049 971 3135 apud
997 3050 1097 3137 Diog.

63 3158 172 3220 Laert.
188 3155 234 3220 ll.
251 3172 312 3236 70:
336 3153 454 3229 εἰπόντος
467 3154 537 3227 τινὸς
550 3153 586 3226 ὥς
605 3150 646 3215 aial
663 3151 725 3225 τοὺς
743 3151 893 3234 φιλοτύφνς
907 3149 1006 3230 βλέποι
1020 3155 1100 3238 παρὰ

60 3263 125 3333 ταῖς
144 3266 199 3323 τῶν
219 3256 346 3320 alausas
367 3255 475 3342 θύραις,
498 3252 556 3334 Kal
569 3258 627 3339 γὰρ
643 3251 689 3333 aui
702 3259 726 3316 οἶ
741 3253 839 3338 ἰατροὶ,
853 3254 930 3336 φησὶ,
947 3257 1025 3341 τοιριὶ
1038 3258 1099 3328 ταῖς

61 3368 117 3422 τῶν
131 3358 285 3423 νοσούντων·
303 3358 370 3422 ἀλλ’
386 3361 416 3420 ού
431 3359 475 3420 διὰ
489 3357 571 3420 τοῦτο’
582 3381 624 3430 τις
637 3354 718 3419 ἕλοιτ’
729 3352 762 3418 alr
775 3358 859 3418 νοσεῖν
872 3353 888 3432 ἢ
903 3356 1039 3441 ἰατρεύοι·
1064 3368 1099 3420 et

61 3459 239 3526 Servatoris
251 3458 338 3545 apud
355 3460 482 3522 Lucam*
493 3458 616 3544 Evang.
632 3456 675 3523 V.
688 3475 743 3542 31.

104 3585 138 3649 p.
155 3578 230 3646 231.
246 3561 292 3625 A.
314 3557 617 3641 nummos]
639 3557 831 3622 Notavimus
851 3577 885 3643 p.
903 3576 975 3641 191.
990 3558 1026 3620 F.

107 3662 231 3748 231.C.
247 3660 568 3743 ΠΛΕΙΣΤΑΡΧΟΎ]
590 3657 742 3723 Leonida
756 3658 850 3740 silius,
860 3657 1002 3746 pupillus
1015 3659 1098 3723 Pau·

61 3765 156 3830 suniae
177 3764 302 3852 prioris,
323 3762 421 3850 paulo
437 3763 619 3849 postquam
644 3760 677 3824 in
698 3762 786 3826 suam
806 3760 940 3826 tutelam
956 3760 1098 3840 venisset,

60 3887 265 3954 regnumque
279 3863 475 3944 obtinuisset,
489 3861 571 3928 obiit
583 3887 593 3925 ι
617 3860 657 3926 de
671 3883 737 3950 quo
753 3861 912 3927 Meursius
926 3863 978 3927 De
993 3863 1097 3950 Regu.

58 3969 137 4032 lac.
154 3964 232 4029 XII.
253 3988 288 4052 p.
303 3983 358 4052 59.

104 4087 179 4154 231.
193 4067 234 4133 C.
256 4067 310 4154 ιι’.]
330 4068 413 4133 1Νο11
427 4065 502 4134 satis
517 4065 640 4146 sanum,
655 4079 695 4130 ut
708 4063 874 4152 Xylander
887 4085 1016 4151 quoque
1032 4064 1096 4130 sus·

57 4170 187 4258 picatus
201 4170 265 4234 ests
289 4168 398 4234 minus
413 4183 521 4234 tamen
539 4167 622 4232 bene
636 4165 729 4233 vertit
746 4188 845 4254 quam
866 4168 1028 4245 Erasmus,
1043 4165 1100 4252 qui

58 4272 211 4352 reddidit,
230 4272 375 4339 Ονοιιὶιινι
388 4272 438 4337 illi
449 4272 658 4358 docerequam
671 4294 800 4358 regnare
813 4267 995 4349 noluerunt,
1006 4269 1099 4358 poste·

534 4393 557 4455 4
568 4390 593 4438 ⁰
608 4391 629 4459 3
